2526 3246
477 505 478 508 ‘
562 521 650 574 na

67 762 72 765 .
106 688 143 705 -
194 633 1004 742 uormuarvsrmrcarrours.

223 1097 274 1182 ‘lt
286 1104 391 1167 ornnes
407 1100 467 1165 fere
482 1117 554 1163 artes
573 1123 606 1163 ac
625 1099 802 1181 disciplinae,
832 1105 1014 1181 ingeniorum
1031 1107 1091 1171 ele·

201 1182 249 1263 ss
283 1191 412 1266 gantiam
429 1206 493 1247 cura
515 1200 543 1244 et
559 1184 717 1261 diligentia,
752 1182 887 1263 paulatim
911 1192 1088 1255 incrementa
1169 1187 1170 1190 ¹

121 1266 224 1327 Ϊ
283 1273 407 1345 maiora,
434 1272 627 1348 maioremque
644 1265 882 1345 elaborationem,
902 1271 1121 1337 subtilitatem

106 1362 190 1442 'atque
206 1358 277 1419 adeo
300 1350 386 1412 etiarn
408 1361 544 1412 ornatum‘
561 1368 709 1427 acceperc3
733 1350 776 1409 ‘ita
799 1356 884 1412 etiam
904 1354 1089 1433 Theologiae
1131 1346 1135 1351 ’

105 1445 231 1516 scicntia,
253 1441 372 1514 eiusque
382 1435 554 1514 potissirnum
569 1453 630 1510 pars
645 1452 693 1506 ea,
721 1452 792 1511 quae
811 1435 845 1492 dc
862 1437 1000 1513 capitibus
1020 1441 1089 1501 fidei

106 1529 238 1604 exponit,
259 1514 386 1580 in'huius
402 1515 540 1575 felicitatis
556 1514 721 1575 societatem
738 1518 815 1573 venit
830 1517 895 1576 inde
913 1516 999 1580 abeo
1015 1537 1090 1582 tern-

105 1605 247 1687 pore5²ex
264 1620 323 1682 quo
341 1600 487 1673 historiae,
503 1600 625 1674 ,criti-ces,
642 1600 895 1678 gratnmaticesque
910 1601 1035 1664 studium
1047 1606 1090 1664 di-

104 1690 236 1768 ligentius
246 1684 302 1746 coli
315 1677 487 1761 tradarique
501 1682 603 1757 coepit.
646 1680 739 1737 Cuius
757 1682 796 1737 rei
810 1682 892 1740 caula.
900 1684 1041 1746 nescimus
1055 1708 1092 1749 an

105 1775 252 1855 praecipua
264 1766 350 1826 fuerit
365 1763 490 1822 nouandi
502 1760 643 1820 temeraria
651 1759 751 1834 libid0,
771 1768 972 1844 quaeantiqua,
989 1788 1093 1847 quaru-

107 1858 152 1915 uis
164 1851 235 1911 tedia
251 1849 317 1920 sant,
340 1845 513 1917 contemnit,
535 1855 563 1899 et
578 1843 678 1914 nouis,
702 1841 805 1900 etiamfi
821 1844 926 1904 nullam
943 1843 1027 1910 aliam
1039 1851 1091 1915 nist

108 1936 242 1998 nouitatis
264 1925 546 1997 commendationem
566 1922 704 1999 babeant,
740 1923 883 1987 celerrime
906 1928 1089 2011 adhaerescit,

54 2061 56 2064 ,
107 2035 137 2079 et
152 2037 209 2077 non
229 2014 325 2092 potius
344 2011 385 2067 rei
400 2004 483 2086 ipfius
500 2005 638 2089 natura-et
657 2005 807 2066 neceffitas
849 2014 920 2069 Nam
936 2013 1091 2096 postquam

109 2098 272 2173 Theologia
294 2093 363 2151 duci
378 2092 474 2167 coepit
492 2109 527 2148 ex
548 2086 608 2166 iplis
625 2085 771 2163 fontibus,
797 2089 920 2168 hoc‘cst,
941 2093 1020 2157 libris
1036 2102 1093 2176 pri·
1114 2144 1115 2147 η

110 2203 192 2244 mum
205 2179 324 2251 diuinis,
347 2171 476 2253 aquibus
492 2174 584 2231 omnis
601 2189 665 2229 vera
685 2188 713 2228 et
728 2186 808 2252 certa
821 2194 914 2234 rerum
930 2177 1109 2249 diuinarum
1138 2236 1140 2240 .

108 2260 220 2327 scientia
237 2260 364 2331 ducitur,
387 2254 489 2314 deinde
503 2274 569 2314 vcro
587 2255 671 2326 etiam
686 2251 834 2330 hurnani's',
857 2258 1049 2322 conciliorum
1065 2277 1095 2323 et

98 2334 304 2425 *symbolorum
321 2337 459 2419 publicis,
481 2351 509 2396 et
524 2334 651 2396 ecclefiac
664 2333 817 2398 doliorum
829 2343 958 2418 priuatiS,
984 2365 1037 2423 per
1052 2350 1096 2406 in·

109 2432 262 2490 'strumenta
287 2424 434 2483 literarum
453 2418 659 2494 hebraicarum,
695 2421 857 2495 graecarum
880 2420 1113 2508 latinarumque,

112 2515 237 2588 itemque
249 2507 396 2579 historiae,
418 2501 475 2563 fine
486 2521 539 2581 qua
556 2506 606 2561 nec
620 2503 773 2578 opiniones
789 2502 940 2565 dodorum
954 2509 1097 2588 ccclesiae,

114 2603 168 2655 nec
183 2589 246 2659 libri
263 2592 395 2652 virorum
415 2586 579 2645 diuinorum
600 2582 650 2661 ipfi
669 2588 749 2661 saepe
770 2585 888 2664 intelligi
908 2591 1101 2673 explicarique

112 2673 241 2757 'polluam
262 2669 344 2730 facile
360 2665 535 2741 intelledlum
547 2669 584 2727 est
602 2666 636 2725 ab
655 2667 841 2747 cruditiliirno
858 2691 985 2751 quoquc,
1009 2675 1102 2739 multa

116 2759 180 2832 elle,
192 2757 291 2835 parti-m
300 2754 330 2809 in
338 2750 423 2823 rebus
431 2747 878 2831 verbisqueexplicarrdiS,partim
889 2758 1103 2832 inargumcntis

114 2838 293 2919 deligendis,
310 2853 384 2914 quac
396 2832 512 2914 quidem
524 2835 619 2895 tradita
630 2829 776 2974 fiqtiede,
796 2831 885 2912 idest,
906 2843 1104 2902 veritatimen·

697 2935 715 2978 2
1024 2928 1106 3007 tique
