2526 3246
385 146 388 150 .
466 83 526 168 Q
661 84 724 169 st
887 106 888 110 ¹
1023 85 1087 141 XlX

104 228 208 291 Christi
225 226 435 288 conuenientem
450 214 489 302 5·
478 251 554 305 quae
583 233 623 305 esl
641 228 830 303 sanclificatio,v
858 226 904 288 seu
936 225 1090 283 renouatio.

104 316 185 372 Haec
197 312 259 372 sunt
273 312 335 371 luce
355 314 476 374 clariora
518 316 669 377 Enimuero
685 316 708 370 li
715 315 804 372 baec
798 335 831 372 tta
851 311 932 371 su·nt
923 352 932 380 ‚
955 308 1017 390 quis
1029 329 1087 365 non

44 400 50 403 ’
104 397 255 472 intelligat,
282 397 336 456 hoc
353 418 440 465 vnum
454 389 624 469 vocabulum
648 396 794 466 compledli
808 416 907 458 ontnes
928 384 1004 451 alliis
1022 394 1086 449 San-

104 479 137 540 cu
147 477 586 553 Spiritusinanimishominum,
579 476 842 548 adconseqttenrlam
855 475 1024 535 iustificari
978 497 1024 535 ton
1029 496 1084 546 em,
1170 533 1176 537 .

103 563 291 623 remissionem
305 570 500 631 peccatorum,
513 557 630 632 gratiam
645 558 817 630 diuinam,
791 576 932 630 vttamque
944 558 1082 618 aeternam

104 635 234 706 efficaces.
248 639 353 698 Verum
363 640 463 704 deinde
474 640 690 699 vtivocabulttm
704 638 1083 714 hebraicttm,licetiantgrae·
1100 711 1110 716 p·
1189 690 1194 695 .
1255 648 1259 654 '

20 745 23 749 ·
104 733 178 798 cuin,
191 743 351 797 quanquam
364 739 422 792 non
433 724 587 781 admodum
600 724 765 798 frequenter,
778 721 973 783 invniuersurn
987 722 1083 779 dicitur

105 810 139 867 de
152 807 194 878 555,
205 809 254 879 qut
264 804 454 879 perSpirituna
465 806 592 865 Sanslum
605 827 617 864 a
633 808 750 880 peccatis
762 809 959 882 perducuntur,
969 801 1014 862 seu
1026 823 1086 876 per·

104 889 189 950 datur
192 891 252 948 sunt
263 889 296 946 ad
311 888 458 949 meliorem
473 910 593 949 mentem
600 891 862 966 conditionemque.
893 891 924 946 Et
935 887 1085 962 quomodo

105 972 238 1065 quaeso?
260 973 366 1030 Scilicet
377 973 444 1031 dunt
461 973 542 1031 efficit
553 974 667 1046 Spiritus
677 974 789 1032 Sandus
800 995 849 1047 per
862 974 981 1031 verbum
994 968 1084 1041 suum,

104 1075 134 1117 vr
158 1055 257 1129 primo
269 1052 443 1115 vitiositatem
464 1075 489 1115 et
511 1058 694 1131 corruptelam
714 1057 816 1122 animi,
843 1076 907 1115 cum
926 1050 996 1126 eant,
1013 1070 1085 1125 quac

37 1182 39 1184 -
93 1138 136 1198 in
152 1158 245 1197 natura
264 1138 320 1211 ipsa
344 1141 450 1209 haeret
480 1157 554 1204 tum,
569 1160 640 1214 quae
661 1140 784 1213 culpa
757 1160 829 1201 vitae
848 1138 996 1212 superioris
1020 1155 1085 1194 con·

105 1221 187 1281 tradla
210 1223 264 1314 555,
290 1222 473 1297 salutemque,
494 1243 542 1296 pet
553 1223 641 1281 lesum
666 1224 805 1290 Christum
830 1243 952 1297 partam,
980 1239 1005 1280 et
1023 1238 1084 1276 mo·

106 1306 191 1377 dum,
214 1306 272 1362 eius
293 1307 441 1378 tenendae,
468 1305 538 1365 celle
561 1306 716 1379 5555555555
739 1307 855 1378 deinde,
872 1324 901 1364 55
919 1304 1082 1362 foeditatem
1118 1344 1121 1347 <

105 1387 206 1461 peccati
225 1387 321 1445 sentias
337 1409 365 1446 ac
389 1390 520 1458 doleas3
528 1398 621 1480 porro,
638 1409 667 1447 vt
674 1390 763 1447 sensu
777 1389 882 1446 dolorts
896 1404 1028 1459 perettus
1047 1384 1082 1442 ad
1108 1432 1109 1435 ,

105 1466 322 1529 misericordiam
341 1463 465 1527 diuinam
487 1471 633 1544 confugias
653 1490 678 1528 et
692 1471 760 1530 aeni
763 1492 807 1528 am
826 1488 999 1542 peccatoram
1015 1467 1083 1525 libe·

105 1552 298 1625 rationemque
315 1572 328 1609 a
350 1551 471 1627 periculo
487 1573 553 1611 cuna
575 1553 672 1610 fiducia
695 1574 740 1626 pet
742 1574 769 1611 as
794 1573 819 1612 et
836 1554 988 1626 impetre53
1010 1548 1083 1607 deni·

107 1656 172 1711 55555,
189 1637 256 1692 dum
274 1635 427 1708 suppeditat
442 1656 504 1693 cum
519 1636 574 1694 side
585 1638 657 1710 55555
672 1638 705 1695 ad
722 1637 905 1712 frangendam
923 1655 952 1692 ac
974 1633 1085 1691 vincen-

107 1720 172 1776 dam
195 1717 253 1776 vina
276 1718 559 1792 consuetudinemque
580 1720 701 1793 peccatiq
724 1740 749 1780 et
768 1721 802 1778 ad
822 1739 915 1778 veram
938 1716 1038 1774 tuentis
1052 1733 1084 1772 ac

106 1800 459 1859 totinsvitae-sanuitatem
486 1804 668 1860 exercendam
688 1824 719 1860 ac
737 1800 986 1861 demonstrandam.
1007 1801 1084 1855 Haec

106 1883 220 1940 demunt
232 1882 269 1939 est
282 1897 344 1939 vera
361 1877 520 1953 5555555550,
543 1903 624 1954 atque
641 1884 675 1941 ita
690 1876 803 1943 efficitur
813 1880 863 1956 per
878 1882 1008 1955 Spiritum
1018 1883 1082 1937 San·

107 1964 181 2030 5555555
200 1964 227 2019 in
244 1963 340 2019 nostris
361 1963 482 2031 5555555555
500 1964 614 2036 talisque
633 1965 744 2038 ‘semper
760 1966 939 2055 intelligenda
952 1964 999 2037 555,
1010 1979 1081 2036 quae

107 2047 229 2121 exigitur
247 2045 281 2101 ab
294 2043 478 2103 bominibus
472 2066 499 2102 tn
517 2048 614 2118 Scripta
606 2047 677 2104 ntia.
710 2048 828 2106 Habes
822 2049 906 2123 igitur
917 2047 946 2103 in
959 2045 1084 2102 hocutto

71 2145 74 2152 ’
107 2128 247 2188 vocabulo
274 2128 368 2185 omnia
379 2149 510 2200 ,quaen
498 2128 575 2196 55555,
599 2149 729 2203 tanquam
751 2152 794 2190 res
815 2128 950 2202 diuersae,
975 2126 1084 2186 tradun-

64 2273 67 2277 ,
109 2231 152 2270 5555·
168 2211 312 2269 turabulis
334 2230 398 2284 quat
402 2231 452 2268 uor
473 2230 517 2269 aut
499 2212 672 2286 aquinque

190 2296 241 2350 Sed
260 2293 304 2350 hic
321 2293 449 2350 admirari
467 2294 528 2352 licet
547 2293 660 2352 beni'
604 2315 672 2369 gnta
654 2289 744 2352 55555555
764 2313 793 2350 55
809 2291 918 2365 sapient
901 2311 966 2351 nam
982 2290 1063 2355 Dei,
1056 2312 1085 2348 tn

109 2375 163 2433 hoc
177 2396 261 2448 opere
272 2376 457 2449 conspicuam,
468 2368 544 2450 qnod
559 2376 701 2435 misertus
696 2368 888 2444 imbecillitatis
898 2379 1002 2434 nostrae
1014 2376 1085 2432 banc

111 2477 225 2532 quoque
249 2479 354 2531 partem
374 2459 550 2533 religionis,
540 2481 588 2517 oet
605 2480 689 2533 quana
711 2457 803 2516 salutis
824 2478 969 2532 compotes
992 2457 1085 2528 reddi,

111 2542 268 2614 dignosque
289 2541 681 2601 55555505555155555[5555555550
702 2560 753 2597 nos
780 2542 912 2613 praestare
930 2539 1083 2616 pollemus,

110 2623 260 2693 constituit,
280 2624 423 2696 largiendo
436 2624 536 2695 Spiritu
553 2625 615 2694 suo,
641 2643 771 2697 operante
787 2644 837 2696 pet·
857 2623 974 2683 verbum
988 2626 1015 2681 in
1029 2621 1083 2678 5555-

111 2706 165 2763 ntis
188 2704 299 2776 nostris,
323 2706 356 2760 ad
376 2704 544 2762 efficiendam
567 2706 650 2765 fidem
670 2705 875 2775 etsanllitatern
900 2728 1005 2778 5555555,
1032 2723 1083 2761 nec

112 2787 170 2871 eins
189 2786 317 2853 beneficii
334 2787 414 2845 aliam
445 2788 633 2850 conditionem
659 2789 685 2845 in
703 2791 873 2849 conserendo
900 2789 979 2866 tulit,
997 2808 1084 2864 quam

633 2872 658 2930 C
678 2891 696 2931 2
1016 2872 1084 2932 saltt-
