2526 3246
175 116 235 251 10*
392 267 394 271 Α
525 176 780 275 'eirene'

169 325 247 399 'haud
263 323 346 384 dubie
364 322 559 399 veliementer,
591 329 639 406 qui
653 326 843 401 inSystemate
862 327 986 404 quodam
1002 328 1134 389 Theolo-

173 415 237 486 gico
258 408 349 484 legent
369 407 451 468 haec:
487 410 591 474 ortator*
611 409 776 492 Tltaologiaa
795 410 833 495 (ss
849 408 959 484 Patiar,
988 410 1085 472 Filius
1108 420 1138 472 et

173 494 312 572 d'pairitus
322 487 455 578 sariam
509 494 562 553 Sed
578 495 635 554 hoc
655 494 709 553 illis
732 492 906 572 temporibus
923 494 960 552 est
976 494 1137 568 condonan-

175 578 251 643 dum.
263 616 301 626 -
343 577 393 635 Ad
410 577 576 651 religionem
593 582 744 639 veniamus,
786 585 824 638 Ea
838 597 907 638 vero
924 597 981 636 non
999 576 1035 633 est
1050 578 1138 647 scien:

172 664 211 720 tia
235 675 263 720 et
278 660 421 738 disciplina
439 661 575 731 humana,
609 679 667 718 non
688 661 722 720 ab
744 660 907 722 hominibus
931 663 1085 735 excogitata
1113 674 1141 719 et
1164 707 1166 711 ⁷

176 747 310 816 inuentay
324 744 371 801 sed
387 743 522 801 diuinitus
534 742 660 818 inspirata
672 759 698 801 et
708 743 853 821 patefasla,
873 760 900 804 et
910 746 1005 804 tradita
1017 748 1140 821 primum

174 847 223 905 per
235 825 397 905 ProphetaS,
419 845 451 883 ac
463 826 563 884 deinde
575 845 624 902 per
637 825 739 884 Filium
750 830 803 885 Dei
815 828 915 903 ipsum,
936 828 1140 905 eiusqueApo-

175 911 271 984 stolon
295 907 416 969 asantlo
433 913 536 988 Spiritu
553 907 730 968 illuminatos,
751 909 841 976 Hebae.
858 910 883 984 I,
899 929 925 969 Ι.
967 916 1001 969 Et
1013 914 1141 990 quanuris

178 994 248 1061 haec
265 995 321 1072 ipsa
337 992 482 1068 religionis
504 993 645 1072 disciplina
664 992 825 1052 sanilillima
836 997 923 1052 varias
944 994 1142 1053 vicissitudines

180 1093 294 1157 experta
312 1077 362 1142 esl3
389 1080 518 1155 quamuis
534 1076 617 1152 longe
632 1075 741 1136 clariori
761 1078 824 1141 luce
841 1076 993 1136 collustrata
1008 1080 1142 1155 reperitur

178 1166 208 1229 in
223 1168 257 1231 Ν.
273 1165 310 1218 Τ.
333 1179 347 1217 a
368 1160 429 1224 lesu
444 1160 556 1220 Christo
567 1175 594 1218 et
605 1160 758 1237 Apostoli,
782 1180 865 1240 quam
875 1164 904 1220 in
915 1168 948 1221 V.
960 1167 997 1219 T.
1011 1182 1060 1239 per
1073 1166 1141 1219 Pro-

179 1246 275 1324 phetas
295 1239 402 1301 fadum
426 1244 477 1310 esl3
511 1246 638 1322 quamuis
653 1244 773 1323 denique
794 1247 841 1302 vix
864 1242 991 1318 fundata,
1021 1241 1141 1302 includis

179 1324 309 1407 peruersis
325 1325 518 1404 opirrionibuS‚
539 1331 576 1385 ita
594 1325 726 1386 conuulsa
738 1343 764 1394 et
775 1326 880 1386 deieela
894 1326 956 1401 suit,
974 1343 1003 1387 vt
1013 1327 1141 1405 permul-

179 1430 225 1473 tos
240 1430 327 1471 annos
345 1414 488 1488 repurgari
503 1410 673 1488 nonpollet:
702 1426 795 1471 tamen
811 1412 905 1491 quoad
918 1427 1007 1489 partes
1022 1410 1141 1477 necessa-²

181 1500 233 1555 rias
259 1493 434 1570 (essentiales)
450 1497 480 1551 in
500 1500 600 1554 Vetere
614 1500 758 1574 Nouoque
776 1495 956 1553 Testamento
973 1497 1080 1572 semper
1096 1513 1142 1551 ea-

182 1576 327 1651 dem'l'uit‚
358 1581 453 1636 necin
475 1592 547 1636 tanta
565 1575 610 1637 vel
625 1578 747 1638 inscitiae
767 1576 904 1638 humanae
918 1577 1065 1651 foeditate,
1097 1575 1142 1646 vel

182 1682 308 1731 errorum
326 1674 353 1717 et
374 1659 553 1719 multitudine
571 1675 597 1718 et
611 1660 798 1738 peruerfitate‚
833 1666 931 1721 veritas
957 1667 1016 1720 eius
1041 1678 1067 1722 et
1093 1679 1142 1720 na-

183 1759 388 1820 turacorrupta
405 1745 451 1816 ell,
472 1746 561 1801 autin
578 1745 719 1820 posterum
737 1760 945 1822 corrumpetur,
967 1746 1053 1804 sedin
1070 1758 1143 1804 tanta

182 1831 304 1890 hostium
327 1826 487 1904 capitalium
508 1825 685 1887 multitudine
701 1843 728 1887 et
747 1826 893 1887 calliditate
912 1844 939 1887 et
954 1828 1141 1906 improbitate,

183 1930 278 1973 contra
295 1930 394 1971 omncs
410 1913 540 1970 omnium
559 1909 670 1970 insellos
687 1915 817 1990 impetur,
839 1910 1047 1991 malitiososque
1059 1909 1142 1976 insul·

182 2012 244 2071 ωε,
274 2000 322 2075 qui
337 2014 400 2052 eam
415 2009 609 2072 oppugnatum
629 1998 754 2069 metunt,
785 1993 830 2053 vel
847 1996 1032 2072 inposterum
1051 1996 1141 2067 ibunt,

183 2083 287 2140 diuinis
309 2076 410 2155 opibus
431 2075 541 2137 suffulta
555 2092 581 2135 et
596 2076 726 2152 subnixa,
738 2128 740 2133 s
752 2080 863 2156 serisque
880 2077 961 2156 ipsius
977 2078 1082 2139 viribus
1097 2080 1142 2138 su-

185 2166 304 2236 stentata,
325 2161 445 2241 litaeque
460 2161 555 2219 causae
571 2161 654 2220 iustae
671 2163 786 2234 confisa,
813 2161 971 2221 inconcussa
986 2164 1093 2242 semper
1116 2179 1144 2224 et

186 2246 275 2307 illaesa
292 2246 414 2324 perstitit,
435 2260 461 2303 et
477 2263 563 2323 usque
579 2245 612 2303 ad
629 2246 715 2304 linem
730 2265 821 2303 rerum
838 2245 1022 2306 humanarum
1040 2250 1143 2326 persia*

186 2328 237 2405 bn,
259 2332 424 2406 tandemque
438 2332 568 2387 omnium
584 2327 706 2388 hostium
720 2327 820 2389 vidirix
830 2328 1018 2407 triumphabit.
1061 2335 1143 2410 Vide,

187 2428 321 2494 quantum
337 2412 444 2470 differat
462 2433 476 2470 a
492 2411 652 2486 Theologia
669 2412 780 2488 religio!
800 2411 847 2471 llla
858 2411 983 2472 nudiores
994 2413 1077 2475 habet
1087 2419 1142 2486 ho-

185 2502 285 2570 minm,
306 2496 397 2574 estque
414 2496 493 2569 adeo,
517 2496 610 2575 quoad
625 2494 746 2568 formam
761 2511 910 2570 externam,
934 2497 1073 2575 disciplina
1089 2501 1143 2560 hu-

185 2591 280 2648 manat
303 2579 372 2638 haec
386 2583 480 2637 Deum
495 2581 585 2657 ipsum
602 2578 745 2639 audiorem
758 2578 849 2652 habet,
872 2596 952 2660 atque
963 2582 1033 2640 adeo
1045 2584 1081 2642 est
1091 2587 1144 2647 sci-

186 2671 261 2725 entia
272 2664 353 2743 plane
370 2664 472 2721 cliuina.
526 2662 572 2721 Illa
587 2662 736 2744 aliquando
754 2682 811 2721 non
827 2661 892 2729 fuit3
920 2684 977 2723 non
993 2664 1046 2726 suit
1060 2672 1089 2727 in
1105 2676 1142 2728 T.

186 2757 220 2810 V.
233 2770 291 2807 non
308 2746 362 2807 suit
376 2750 458 2806 initio
476 2751 566 2811 Noui3
589 2745 657 2806 haec
673 2768 740 2806 uero
758 2745 811 2805 suit
826 2747 891 2804 inde
906 2747 940 2806 ab
957 2752 1038 2808 initio
1050 2771 1144 2810 rerum

187 2833 384 2907 humanarum,
412 2834 503 2892 immo
519 2850 586 2891 uero
602 2830 636 2891 ab
654 2835 733 2891 omni
749 2834 906 2914 aeternitate
919 2830 991 2909 suita
1017 2833 1054 2891 est
1070 2837 1145 2895 enim

1073 2923 1144 2979 veri-
