2526 3246
177 142 221 223 64
332 121 334 123 ¹
499 135 846 203 r‘iau'riticnc'ivit1'0.v
904 174 908 178 ’

173 282 270 364 pluris
283 277 448 340 habendum
460 279 522 347 esse.
568 285 679 342 Etenim
695 283 782 344 liuius
801 286 889 363 aquae
908 295 1005 344 natura
1023 284 1168 347 eiusmodi

183 368 233 436 esl,
251 365 357 442 inquit,
377 376 407 421 vt
421 360 493 423 sitim
505 365 627 443 quidem
641 368 805 442 restinguat,
825 366 872 425 sed
889 366 922 425 ad
939 363 1026 426 breue
1037 380 1167 444 tempusa

181 467 247 506 nam
261 444 348 524 paulo
368 446 430 523 post
444 446 547 507 redibit
563 445 634 518 sitim
655 469 687 509 ea
698 470 782 524 vem,
804 469 889 529 quam
907 469 964 526 ego
978 450 1033 523 do,
1049 446 1168 527 (lolam)

181 527 255 589 sitini
269 530 411 604 extinguit
422 532 633 609 inperpetuum
642 537 758 612 tritaque
769 532 956 605 beneficium,
976 551 990 592 a
1002 531 1106 591 Iacobo
1118 551 1171 590 vo-

182 610 226 670 bis
238 610 393 686 tributum,
414 617 544 691 quamuis
558 634 694 689 maguum
711 614 757 691 sit,
778 635 870 695 neque
885 628 980 682 tamen
995 626 1106 674 tantum
1120 614 1168 689 esi,

182 708 324 773 quantum
344 699 469 773 accipere
482 696 603 772 potesli's
623 716 636 755 a
654 716 723 756 me.>
763 701 850 773 Igitur
870 716 971 777 aquam
989 699 1088 775 primo
1101 694 1169 756 loco
1208 744 1210 746 -

141 844 143 846 .
182 774 463 854 proprieintellexit,
483 779 610 858 itemque
623 776 894 853 vocabulumfitire,
911 799 964 857 pro
977 782 1106 858 appetere
1117 798 1171 856 po·

181 871 261 934 tum;
281 856 373 919 ‘aliero
385 879 453 920 vero
465 863 621 938 improprie
634 860 790 939 usurpauit,
807 878 861 940 qua
873 866 983 924 ratione
994 866 1024 920 in
1034 860 1169 927 omnibus

181 939 288 1017 linguis
310 940 464 1020 saepissime
485 943 540 1001 dici
559 943 645 1019 solet,
669 958 698 1003 vt
714 944 843 1004 denotet:
870 958 999 1022 appetere
1018 943 1124 1023 aliquid
1138 956 1170 1002 et

183 1044 293 1098 arunte,
318 1039 380 1099 aut,
402 1026 526 1101 indigere
543 1025 635 1104 aliqua
652 1047 693 1087 re.
739 1028 911 1102 lamigitur,
939 1025 1007 1105 quid
1023 1029 1168 1085 Dominus

183 1109 306 1187 proprie:
316 1112 474 1185 exprimere
490 1107 600 1168 voluit?
634 1108 745 1168 Scilicet
765 1129 920 1189 peraequum
938 1106 1078 1167 intellexit
1093 1106 1169 1167 bona

183 1188 344 1264 eiusmodi,
367 1210 440 1269 quae
453 1206 614 1252 recreantet
624 1192 756 1251 reficiunt
765 1195 907 1267 animum,
923 1190 1096 1270 beatumque
1108 1190 1171 1256 red·

183 1271 271 1341 drmit
299 1292 371 1352 quae
388 1275 505 1353 quidem
520 1274 595 1334 bona
613 1277 795 1336 continentur
814 1274 927 1338 scientia
944 1293 1039 1332 rerum
1062 1273 1171 1332 diuina-

183 1375 248 1413 rum
264 1355 424 1433 perspicua,
451 1357 507 1415 fide
519 1358 612 1431 firma,
634 1361 737 1418 virtute
752 1361 873 1434 integre,
895 1358 1017 1436 denique
1032 1355 1080 1434 spe
1096 1369 1171 1416 certa

184 1442 286 1513 gratiae
299 1438 412 1497 diuinae
424 1455 452 1499 et
462 1443 533 1499 vitae
544 1439 695 1521 salutisque
706 1455 841 1513 aeternae.
884 1445 966 1499 Hanc
977 1457 1088 1518 aquam,
1100 1437 1171 1497 haec

185 1519 261 1579 bona
273 1523 318 1579 ilai
332 1522 421 1596 lesus,
436 1522 494 1582 hoc
511 1523 563 1595 est,
585 1521 750 1584 conciliauit
763 1538 791 1582 et
807 1526 915 1600 peperit
929 1520 1098 1594 modestia,
1121 1521 1171 1579 de·

183 1603 351 1664 monstrauit
362 1608 416 1664 vita
430 1621 458 1664 et
474 1604 607 1666 doslrina.
617 1606 679 1681 sua,
695 1603 794 1665 tribuit
805 1605 919 1665 taudem
931 1604 1030 1663 eadem
1041 1603 1170 1663 doslrina

184 1699 214 1745 ct
225 1690 348 1761 imperio
360 1687 420 1746 suo.
454 1692 548 1763 lgitur
559 1692 631 1766 hanc
641 1710 730 1766 apuam
741 1692 827 1751 bibare,
838 1688 966 1744 denotat:
983 1685 1057 1744 bona
1068 1684 1112 1743 illa
1122 1704 1169 1762 ap<
1238 1727 1242 1736 «

184 1786 293 1847 petere,
309 1766 359 1828 fibi
369 1771 512 1847 acquirere
523 1784 551 1828 et
562 1770 716 1846 possidere3
733 1780 928 1827 commutatur
938 1770 1019 1824 enim
1028 1764 1098 1825 haec
1111 1765 1169 1832 sor-

184 1849 287 1910 mulaa
302 1854 433 1910 Domino
445 1851 504 1929 ipso
524 1855 554 1910 iu
575 1848 716 1910 simillimo
732 1848 863 1909 sermone
881 1853 943 1928 Cap.
957 1853 1010 1913 Vi,
1034 1870 1080 1926 35.
1096 1870 1170 1910 cum

183 1933 251 1994 hac:
269 1934 365 1997 eradere
376 1941 401 2002 iii
413 1937 506 2015 Iesum
528 1954 593 1994 uam
604 1936 616 1991 ὁ
626 1935 724 1992 niciam
738 1935 769 1995 ele
784 1933 839 2006 ἐμὲ,
869 1935 976 2011 iuquit,
1002 1934 1029 1987 δυ
1045 1935 1077 2002 μή
1096 1931 1169 2003 διψή-

187 2040 218 2095 eq
229 2018 335 2076 traicere.
372 2020 461 2077 Porro
472 2017 568 2077 verba:
584 2024 605 2076 ir
614 2020 683 2098 filiii
693 2040 831 2096 iiiiiiqiinin,
847 2012 952 2074 liabent
961 2013 1070 2073 sensum
1081 2015 1170 2075 hunc:

184 2103 208 2159 is
223 2097 294 2157 nihil
304 2096 435 2174 habebit,
453 2120 512 2180 quo
527 2099 711 2159 excellentius
726 2099 793 2177 quid
807 2110 919 2176 appetat
930 2111 1013 2176 atque
1028 2096 1171 2175 desideret,

186 2180 303 2241 nullate
318 2182 470 2257 indigebit,
490 2184 524 2241 ad
543 2186 627 2241 vitam
644 2180 824 2260 tranquillam
841 2195 870 2259 et
886 2178 997 2239 beatam
1014 2180 1170 2252 necessaria,

185 2264 337 2344 possidebit
351 2267 448 2342 potius
468 2266 611 2324 eiusnmdi
629 2265 719 2337 bona,
747 2263 882 2343 equibus
900 2262 1025 2323 irascetur
1041 2259 1171 2338 felicitas,

189 2344 335 2424 expletura
346 2349 474 2405 animum
488 2347 646 2425 uoluptate,
661 2347 770 2424 semper
785 2365 898 2419 recens,
916 2344 1025 2422 semper
1035 2345 1170 2418 crescens,

188 2447 335 2505 uunquam
348 2427 518 2501 fastidienda,
532 2450 686 2510 nunquam,
700 2450 750 2507 per
761 2429 868 2512 insinita
880 2425 997 2501 saecula,
1016 2426 1169 2487 satietatem

189 2510 313 2585 allatura,
325 2511 438 2585 hocesl‚
451 2514 584 2571 verissima
595 2529 623 2573 et
633 2510 842 2590 perfettitfinm
862 2530 928 2570 nam
940 2528 1009 2587 aqua
1022 2508 1066 2569 illa
1076 2510 1170 2570 roslin-

190 2595 251 2669 guit
265 2591 352 2669 sitim,
372 2597 429 2653 hoc
443 2595 495 2668 esi,
515 2595 589 2656 bona
605 2595 649 2656 illa
666 2593 780 2671 explerit
796 2591 927 2652 desideria
948 2594 1048 2665 animi,
1071 2610 1172 2671 quam·

188 2679 233 2734 uis
244 2676 399 2750 ,numen-sa,
417 2680 590 2756 gignuutque
602 2677 778 2750 felicitatem,
799 2695 854 2754 qua
871 2694 923 2732 iiec
939 2676 1029 2733 maior
1045 2678 1173 2748 cogitari,

188 2759 433 2835 necpraellaritior
448 2775 476 2820 ct
493 2759 605 2821 suauior
620 2761 713 2838 appeti
729 2757 931 2836 desiderarique
950 2756 1049 2834 potest.
1102 2755 1173 2815 Vlti-

186 2843 242 2901 mls
255 2842 377 2923 denique
388 2843 497 2905 verbis:
521 2846 577 2905 licii
590 2845 700 2928 upauest
718 2845 795 2921 instat·
804 2845 900 2924 sontii,
919 2846 944 2900 itt
959 2852 1102 2920 pei-petuam
1111 2862 1173 2916 paro·

1089 2924 1176 2998 stitia*
