2526 3246
150 269 202 323 ‚22
511 248 576 348 Q
613 248 660 338 ele
701 248 764 350 a&

161 403 246 471 ditae,
272 395 417 478 perspicue
433 396 615 477 explicentur,
639 399 812 474 illustrentur,
834 396 1016 474 inculcentur,
1038 416 1119 479 atque·

160 484 195 542 ad
211 482 296 540 fidem
311 485 498 563 uirtutemque
520 481 564 542 vel
580 485 747 557 gignendam
761 483 806 544 uel
822 483 985 543 firmandam
1002 483 1118 542 adhibe-

159 581 245 625 antur.
287 569 378 643 Qtod
394 569 468 647 apud
485 569 624 625 auditores
639 566 753 628 habebit
770 566 914 629 utilitatem
925 568 1004 642 hauc,
1021 582 1051 626 vt
1061 571 1118 644 pri-

158 672 239 710 mum
253 667 365 728 propter
383 652 602 729 perspicuitatem
618 665 646 707 et
665 649 830 711 breuitatem
841 655 930 729 capita
939 653 1005 711 fidei
1016 666 1043 709 et
1054 669 1117 707 mo-

159 755 223 794 rum
242 734 295 793 fine
316 734 439 792 molestia
461 732 613 807 intelligant
638 752 696 791 nou
718 737 808 793 modo
824 733 933 793 facilius
952 751 979 794 et
994 734 1118 813 celerius,

158 820 205 880 led
223 820 305 895 etiam
319 821 473 876 accuratius
490 832 516 876 et
527 815 686 889 iucundius,
707 831 818 876 teneant
832 837 899 875 sero
918 823 1028 893 centus,
1052 833 1079 876 et
1090 821 1119 876 in

159 898 292 961 omuibus
310 904 383 961 vitae
403 899 487 960 causis
504 904 533 961 in
550 916 665 980 pronun
682 899 812 968 habeaut3
841 901 942 959 deiude
965 923 1033 962 vero
1053 920 1119 980 prof

157 979 221 1065 pter
233 983 424 1045 annotinum
433 986 567 1058 diuinam,
584 1005 638 1064 qua
650 989 755 1044 triunita
766 988 826 1044 lunt
836 984 898 1044 loca
909 988 1120 1066 Scripturarum,

161 1085 190 1128 et
205 1089 258 1148 qua
273 1087 352 1142 aegre
369 1085 442 1127 caret
458 1072 565 1127 animus
578 1070 717 1128 humanus
730 1072 844 1128 intanta
856 1068 1027 1146 peruersitate
1040 1087 1119 1126 meu

160 1157 195 1212 tis
212 1168 239 1210 et
255 1150 372 1210 mollitie
386 1163 513 1225 morum,
535 1153 650 1210 credant
665 1156 808 1211 certiuset
823 1153 946 1225 firmius,
977 1155 1059 1211 etiam
1080 1170 1120 1225 ea,

157 1251 282 1315 quorum
301 1236 420 1294 modum
433 1250 461 1295 et
476 1236 568 1294 causas
585 1254 643 1294 non
658 1235 760 1315 allequi
777 1236 868 1314 potest
886 1236 1003 1296 huruani
1016 1236 1121 1312 ingenii

159 1323 211 1395 ais,
234 1333 261 1378 et
278 1316 470 1398 obtemperent
486 1318 616 1380 libentius
633 1334 661 1378 et
677 1321 823 1390 efficacius.
908 1328 910 1332 ’

245 1487 330 1560 Igitur
345 1503 410 1542 cum
424 1481 454 1542 fit
463 1483 643 1559 Theologiae
658 1501 685 1544 et
695 1484 837 1560 religionis
848 1500 954 1545 tautum
967 1485 1122 1556 discrimen,

160 1583 191 1627 nt
206 1586 239 1626 ex
261 1572 310 1642 iis,
336 1586 406 1646 quae
421 1565 553 1628 bacienus
570 1569 788 1648 disputatrintus,
813 1570 928 1650 planum
943 1566 1048 1627 ludium
1071 1566 1123 1625 elle

160 1648 336 1716 arbitraturum
357 1649 437 1711 facile
447 1653 564 1711 iudicari
575 1657 678 1730 poterit
689 1654 724 1711 de
736 1654 866 1712 sententia
877 1673 986 1725 eorum,
1007 1655 1054 1731 qui
1069 1671 1122 1728 pu-

160 1750 228 1809 tant,
248 1734 443 1808 iuTheologia
454 1734 523 1794 nihil
535 1737 701 1795 mutandum
713 1735 778 1802 esse3
799 1740 893 1796 omnia
905 1739 980 1793 euim
990 1751 1047 1794 tam
1058 1753 1123 1793 vere

162 1833 189 1876 et
203 1834 329 1877 accurate
343 1819 439 1876 tradita
454 1818 508 1876 elie
522 1814 549 1875 ei
559 1820 703 1893 exhausta,
722 1834 807 1899 'atque
823 1820 857 1878 ad
871 1818 1058 1897 puluisculum
1074 1837 1122 1876 ve.-

158 1900 244 1962 ritatis
260 1900 376 1975 cuculla,
397 1916 427 1960 vt
437 1901 507 1962 nihil
517 1902 663 1980 supereffet
673 1901 808 1962 indiilum
819 1902 891 1976 aliis,
910 1901 1035 1983 nihilque
1045 1905 1125 1975 noui,

161 1985 230 2045 nihil
241 1985 341 2046 melius
355 1991 563 2064 accuratiusque
579 1990 699 2045 inueniri
715 2006 747 2044 ae
766 1988 822 2045 dici
837 1985 933 2064 pollet.
981 1992 1056 2045 Nam
1076 1989 1124 2065 qui

160 2071 200 2128 ‘ita
211 2071 378 2134 existirnant3
400 2070 514 2127 miscent
523 2071 599 2128 haud
608 2068 696 2129 dubie
705 2069 899 2144 Theologiam
912 2089 978 2127 cum
989 2070 1124 2145 religione

162 2152 295 2212 diuinitus
311 2150 418 2225 tradita,
442 2172 494 2210 uec
509 2153 606 2226 sciunt,
626 2168 701 2212 certe
711 2165 769 2211 uon
784 2153 930 2228 diligenter
940 2155 1123 2232 perpendunt,

163 2256 312 2316 quamnam
327 2251 354 2294 et
368 2256 383 2295 a
399 2235 499 2315 quibus
515 2241 655 2319 originem
671 2236 801 2297 habuerit
812 2235 990 2311 Theologia,
1013 2245 1124 2317 quot'et

164 2336 276 2400 quantas
289 2319 478 2379 conuerliones
488 2337 600 2399 experta
611 2320 703 2394 fuerit,
723 2335 750 2378 et
760 2340 896 2400 quaenam
906 2318 936 2378 fit
946 2324 1016 2378 ratio
1026 2323 1122 2379 vuius-

163 2408 299 2484 cuiusque
314 2403 461 2484 dicipl'uae
470 2403 616 2463 humanae.
659 2412 697 2464 Vt
712 2407 787 2463 enim
802 2402 965 2478 Theologia
980 2404 1123 2482 paullatim

161 2504 222 2549 orta
240 2489 278 2547 est
293 2502 321 2546 et
331 2425 442 2546 tratdata
457 2490 570 2563 ingenio
585 2503 613 2546 et
628 2486 766 2547 elaborata
782 2503 851 2555 arten
882 2503 967 2568 utque
987 2487 1061 2548 nulla
1077 2488 1119 2546 di-

158 2572 273 2652 scipliua
284 2569 548 2631 omnibusnumeris
566 2570 691 2631 absoluta
709 2572 759 2645 est,
781 2572 827 2630 sed
844 2591 969 2653 quaeque
985 2589 1120 2651 perpetuo

161 2678 232 2736 opus
249 2655 333 2716 habet
349 2653 499 2713 dodorum
518 2655 669 2716 homiuum
686 2653 729 2714 vel
745 2654 882 2715 subtiliori
898 2657 1074 2730 indagatione
1092 2660 1120 2717 in

162 2743 299 2817 dogmatis
323 2739 384 2818 ipfis
404 2738 603 2814 intelligendis,
630 2738 675 2799 uel
696 2738 866 2813 diligentiori
885 2738 1121 2800 elaborationem

161 2829 196 2887 iis
213 2825 348 2883 tradendis
364 2839 391 2882 et
406 2821 588 2902 explicandi53
608 2829 645 2883 ita
658 2821 786 2901 profesto
802 2840 830 2883 et
840 2822 1003 2898 Theologia
1017 2824 1052 2881 ad
1062 2837 1121 2880 tan-

160 2903 219 2975 tam
234 2905 435 2992 persediouem
451 2907 604 2991 peruenille
621 2909 679 2970 dici
694 2926 752 2969 nou
773 2908 879 2988 potest,
904 2909 951 2966 cui
971 2904 1041 2969 nihil
1058 2905 1128 3001 addi

1056 3009 1122 3052 avr·
