2526 3246
66 751 69 756 ·
109 746 700 851 ruunatanrrouu
767 742 1128 857 SPIRITVS

23 960 25 963 ’
365 988 386 1012 -’
468 961 493 1039 S
517 963 551 1040 Α
576 961 617 1039 Ν
642 962 675 1040 C
698 945 733 1039 T
755 963 775 1038 s

117 1531 170 1632 tri?
248 1478 1131 1645 ¹¹&sits¹{ddtts¹³t”tstttittidestitistis}

121 1682 133 1698 ·.
144 1634 174 1698 ⁵⁴.
280 1643 421 1719 beandos,
444 1643 481 1703 vsi
493 1644 554 1702 sunt
566 1645 713 1722 scriptores
727 1646 817 1704 diuini
828 1646 947 1704 mirifica
958 1651 1091 1707 varietate
1101 1663 1130 1708 et

110 1729 191 1805 copia
206 1746 313 1785 vocum
322 1725 492 1804 ‘dicendique
501 1722 704 1800 formularum,
725 1730 878 1785 maximam
894 1741 1018 1803 partem,
1039 1729 1133 1806 proil-

110 1805 207 1865 lorum
222 1809 384 1881 temporum
401 1826 483 1864 more
507 1820 535 1862 et
555 1806 758 1864 consuetudine
775 1805 929 1882 loquendi,
955 1814 1131 1887 tropicarum

101 1900 140 1946 et
154 1888 354 1962 figuratarum,
377 1905 445 1965 quas
455 1899 568 1959 tamen,
593 1897 622 1943 vt
641 1885 686 1958 fit,
707 1905 808 1962 parum
826 1884 899 1944 bene
919 1887 991 1947 olim
1008 1890 1133 1966 explicas

98 1970 155 2027 uit
165 1970 349 2044 interpretum
365 1967 520 2027 multorum
536 1985 619 2043 praua
635 1965 762 2033 sedulitas
782 1957 832 2024 aus
844 1965 967 2044 inscitia,
997 1969 1131 2030 haerens-

100 2070 168 2130 ·que
180 2070 209 2107 in
223 2051 391 2126 proprietate
409 2047 629 2119 vocabulorum,
650 2046 741 2106 attulit
756 2045 901 2107 dosirinae
916 2049 1007 2109 sacrae
1027 2051 1130 2110 obscu-⁴

112 2136 200 2193 titatis
213 2128 442 2210 confusionisque
453 2128 710 2211 quamplurimum,
731 2131 761 2186 in
771 2131 868 2206 primis
879 2127 1029 2205 irrisimus,
1052 2133 1131 2208 dum,

102 2230 185 2294 vquae
198 2216 307 2290 generis
318 2213 531 2292 amplitudinem
541 2208 804 2288 compiedicrentur,
825 2210 859 2269 ad
869 2215 954 2288 partis
967 2217 1133 2273 tenuitatem

98 2297 259 2371 redigeret.
298 2291 345 2354 “Ac
356 2293 486 2374 profesio
503 2291 650 2352 difficultas
665 2292 703 2350 est
719 2311 778 2351 non
799 2304 901 2369 parua,
923 2297 1066 2354 eiusmodi
1083 2316 1134 2354 vo-

100 2404 101 2407 ¹
114 2376 212 2437 cabula
225 2375 280 2433 sine
294 2389 443 2455 troporum
455 2376 644 2451 etfigurarun't
659 2371 763 2432 vmbris
782 2389 811 2433 ct
828 2375 863 2433 ad
884 2373 959 2434 resse
976 2375 1134 2453 intelligen-
1187 2394 1191 2400 '

113 2457 353 2535 dumperspicue,
375 2475 403 2518 et
417 2460 451 2518 ad
462 2461 571 2518 animos
582 2456 646 2529 fide,
658 2458 772 2533 pietate,
796 2455 983 2515 admiratione
994 2472 1022 2515 et
1031 2457 1133 2532 solatio

114 2538 285 2599 imbuendos
297 2542 445 2600 efficaciter
456 2538 619 2617 explicandi.
660 2539 756 2615 Atque
766 2537 825 2596 huc
836 2537 932 2597 referri
944 2533 1135 2598 videturhaud

87 2636 101 2654 ²
116 2621 201 2682 dubie
217 2621 292 2697 posse
308 2636 392 2699 caput
406 2624 442 2681 de
457 2625 630 2682 irrirbitntioae
639 2622 747 2697 Spiritus
759 2621 855 2701 sardin
877 2620 913 2678 de
929 2627 988 2698 quo
1006 2618 1135 2679 disserere

115 2701 253 2765 nonnulla
270 2707 396 2778 primunr
417 2701 589 2779 dogmatice,
616 2721 648 2760 ac
665 2701 766 2761 deinde
783 2705 942 2777 exegetice,
975 2719 1025 2777 per
1048 2699 1136 2771 huius

115 2787 252 2865 temporis
262 2789 510 2862 ,opportunitatem
528 2783 749 2860 constituinrus,.
761 2787 792 2848 in
807 2784 904 2861 primis
918 2785 1060 2859 ,quoniam
1074 2799 1137 2840 ante

620 2866 688 2928 Aa
777 2878 779 2881 ⁴
988 2888 989 2892 ¹
1046 2882 1137 2929 annos
