2526 3246
139 96 181 159 lV

140 265 232 308 rerum
252 243 398 303 diuinarum
415 237 443 296 in
462 235 600 317 scripturis
619 237 774 299 traditarum
794 239 848 299 νίιῃ
866 257 895 299 et
912 240 1044 302 rationem
1060 262 1115 303 mo·
1147 307 1148 310 ,

144 335 267 410 dumque
281 347 309 389 vt
323 346 366 385 eas
378 325 448 399 aliis,
470 326 517 404 qui
529 343 669 405 cuperent,
696 326 835 406 perspicue
849 327 984 405 explicare
997 330 1118 405 possentt

147 422 219 482 vnde
231 414 356 492 quaedam
370 412 538 492 philosophia
549 412 684 489 religionis
699 415 740 471 vel
753 414 890 492 theologia
907 422 1000 472 exorta
1017 419 1069 488 est,
1091 434 1120 477 et

147 505 269 584 appellata
283 519 296 557 a
309 494 415 558 ludaeis
431 518 524 577 graece
544 493 752 574 loquentibus
770 499 872 575 Iniqua·
888 504 949 558 cnm
967 522 1025 560 non
1047 501 1120 560 idem

145 592 291 651 iudicarent
306 587 418 660 omnes,
436 586 518 644 ledae
532 585 651 643 diuersae
663 586 796 650 basiicae,
819 586 871 644 siue
884 586 1055 664 theologicae
1075 607 1119 656 ινα,

146 693 187 735 tae
199 665 273 746 sont,
297 673 405 749 quaein
419 672 491 731 libris
500 672 580 730 saeris
593 692 853 745 commemorantur,
873 674 1070 732 Pharisaeorum
1092 691 1120 733 et

146 762 372 821 Sadducaeorum.
415 760 446 816 Io
463 759 560 835 quibus
573 758 634 817 cum
647 758 744 831 elleot,
764 762 810 834 qui
830 760 887 818 aliis
908 764 962 817 suas
979 762 1121 819 sententias

146 848 346 926 opinionesque
357 845 509 919 traderent,
532 839 707 920 malvellam,
728 846 746 901 ii
765 844 894 904 dodores
913 846 972 904 sum
991 848 1121 926 appellati,
1171 874 1174 879 f

145 935 228 1010 hique
240 933 309 1009 sunt,
332 931 381 1008 qni·
391 933 419 989 in
431 934 505 997 libris
516 935 554 991 N.
565 931 604 988 T.
616 924 844 1007 νομοδιδάσκαλοι,
863 932 984 1006 inprimis
996 953 1024 989 et
1035 952 1120 1012 γραμ-

144 1025 238 1100 ματεῖς
251 1019 387 1078 dieantur:
410 1018 446 1076 illi
460 1019 570 1095 quidem
584 1039 597 1076 a
610 1036 646 1089 re,
666 1019 682 1076 i.
696 1038 719 1075 e.
733 1018 873 1093 religione,
880 1018 912 1074 :hi
928 1037 941 1074 a
954 1017 1028 1076 libris
1043 1019 1125 1077 sacris*

146 1129 163 1169 e
177 1109 274 1186 quibus
288 1104 427 1182 religionis
439 1105 561 1184 cognitio
577 1106 692 1162 ducitur.
737 1106 805 1161 Nam
817 1103 868 1162 hos
881 1104 931 1162 esse
943 1106 1071 1177 eosdem,
1093 1121 1123 1163 et

146 1214 190 1256 res
203 1194 302 1265 docet,
320 1208 349 1249 et
361 1192 419 1249 usus
430 1194 529 1249 horum
542 1193 687 1256 uerborum
699 1189 727 1246 in
740 1190 811 1249 libris
829 1190 914 1249 sacris.
961 1188 1069 1250 Etenim
1082 1187 1123 1247 νό.

148 1298 183 1357 μιν
195 1281 307 1339 verbum
320 1296 369 1355 per
381 1277 558 1335 hebraismum
574 1277 609 1333 de
628 1276 757 1353 religione
775 1277 912 1350 uniuersa,
934 1297 968 1335 ex
982 1281 1029 1335 ,vsu
1046 1276 1124 1335 verbi

148 1379 236 1437 t'l'tlrt,
258 1380 286 1423 et
296 1366 324 1421 in
336 1366 372 1421 V.
385 1363 423 1422 T.
437 1382 466 1421 et
476 1366 504 1422 in
518 1364 555 1420 N.
573 1367 727 1439 usurpatur,
743 1367 893 1440 quanquam
914 1383 941 1421 et
961 1358 1122 1445 γράμματα,

149 1469 180 1511 vt
193 1445 375 1531 apud-latinos
387 1444 482 1521 literni,
502 1469 557 1525 pro
567 1449 702 1520 danaim,
721 1449 789 1507 disla
802 1450 887 1508 videri
902 1452 1025 1526 possunt,
1039 1470 1069 1507 ut
1082 1452 1123 1507 lot.
1180 1473 1182 1475 ·

149 1541 211 1611 Vll,
232 1556 268 1613 15.
289 1535 335 1595 vbi
346 1536 434 1593 eidem
456 1528 556 1617 διδαχὴ
568 1535 730 1594 substituitur
741 1554 768 1594 et
780 1537 822 1593 illa
838 1539 947 1594 nomina
966 1554 1130 1617 permutans
1195 1554 1197 1557 ⁴

151 1644 201 1685 tur.
245 1624 332 1681 Marci
355 1623 465 1697 quidem
485 1642 508 1680 c.
530 1625 563 1693 ll,
584 1623 617 1685 os
635 1638 662 1678 et
679 1622 747 1680 Luc.
766 1626 852 1697 ἵξῃ.
871 1623 899 1679 in
919 1625 1011 1680 eadem
1030 1642 1059 1679 re
1072 1622 1144 1701 illc„

152 1714 335 1793 γραμματεῖς,
356 1709 401 1767 hic
412 1701 632 1782 νομοδιδάσκαλοι
645 1707 711 1765 sunt.
756 1709 843 1784 Lucas
856 1712 915 1780 XX3
929 1713 975 1784 46.
984 1709 1024 1765 de
1037 1725 1131 1788 γραμ-

154 1803 257 1872 ματεῖον
269 1796 348 1867 dicit,
366 1796 443 1870 quod
456 1787 515 1851 alibi
529 1795 685 1871 aesopum
702 1810 730 1852 et
742 1789 909 1875 φαμισοδοις,
925 1796 942 1853 i.
955 1816 979 1858 e.
996 1797 1041 1871 qui
1061 1794 1126 1872 pha·

155 1882 239 1941 tibica
252 1883 346 1960 placita
359 1884 542 1957 sequebantur.

237 1971 288 2028 His
300 1986 389 2026 autem
402 1968 547 2045 quomodo
559 1965 665 2032 scholae
682 1966 865 2024 tribuuntur?
878 1984 936 2023 non
947 1966 1021 2023 aliter
1034 1963 1128 2042 prose·

160 2052 214 2123 do,
233 2074 313 2129 quam
327 2055 398 2133 apud
412 2056 544 2123 Graecos
566 2052 743 2129 philosophis,
765 2055 811 2128 qui
832 2055 859 2110 in
879 2054 958 2120 soro,
977 2055 1005 2109 in
1017 2052 1132 2130 portici·¹

159 2137 210 2201 bus
223 2138 429 2215 gymnasiorum,
451 2143 480 2199 in
497 2139 611 2198 officinis
624 2139 756 2197 artificum
770 2157 798 2198 et
810 2140 928 2199 tabernis
946 2155 1133 2195 mercatorum

160 2223 270 2297 versari,
290 2244 317 2283 et
329 2248 389 2286 cum
401 2230 442 2299 iis,
461 2228 507 2304 qui
519 2228 552 2285 ad
565 2226 590 2284 se
604 2226 761 2292 accessissent
779 2225 935 2284 consulendi
953 2242 980 2282 et
1001 2223 1147 2286 audiendi-

131 2345 134 2354 =
160 2309 250 2385 causa,
272 2311 300 2367 in
316 2316 445 2372 comtiuiis
462 2315 542 2387 item,
568 2312 750 2386 hmilibusque
769 2313 968 2382 conmndbnr,
993 2311 1027 2367 de
1046 2314 1134 2368 rebus¹

158 2396 353 2474 philosophicis
366 2400 527 2460 disserebant.
571 2403 643 2461 Nam
656 2398 771 2455 similiter
785 2399 904 2477 discipuli
918 2392 975 2456 lesu
991 2398 1129 2467 dicuntur,

158 2485 206 2559 qui
217 2501 281 2548 enm
300 2480 414 2540 solerem
426 2485 547 2544 comitari
560 2505 641 2560 atque
653 2485 743 2542 sesiari
757 2487 883 2544 audiendi
895 2485 966 2542 causa
984 2502 1011 2541 et
1033 2485 1131 2542 consu·⁴

160 2568 245 2640 lmdi,
267 2570 307 2628 Io.
321 2571 367 2637 Vl,
380 2569 428 2626 66.
445 2572 466 2626 οἱ
478 2565 533 2645 μετ’
546 2563 631 2631 αὐτοῦ
641 2574 861 2652 περιπατοῦντες.
876 2625 878 2627 .
904 2573 1030 2630 Solebam
1042 2589 1137 2629 autem:

162 2654 288 2714 doelores
300 2654 336 2712 illi
350 2655 390 2712 ire
402 2655 430 2711 in
442 2656 500 2711 loca
513 2660 632 2733 publica,
655 2680 711 2733 quo
726 2655 858 2737 ¹ternpore
878 2679 912 2715 eo
932 2658 1057 2715 homines
1078 2658 1137 2713 fre-³

162 2757 275 2816 quentes
296 2742 493 2818 obtinendem,
512 2743 544 2808 h.
571 2763 594 2801 e.
613 2744 811 2819 Hierosolymis
830 2746 940 2819 quidem
964 2741 1081 2800 inarime
1096 2742 1138 2799 im

161 2827 307 2904 amplum,
327 2846 450 2905 tempore
463 2849 574 2906 precum
589 2828 766 2904 publicarum:
790 2832 825 2887 ibi
839 2832 866 2887 in
876 2830 1025 2907 porticibus
1042 2830 1132 2889 ,confi-

161 2914 226 2979 dere
238 2912 354 2990 eij-siqui
371 2918 544 2994 accessisent,
566 2916 607 2979 vel
625 2915 721 2996 sponte
741 2916 865 2977 disserere
881 2918 917 2977 de
932 2917 1031 2996 aliquo.
1045 2918 1138 2993 capite

1067 3005 1130 3064 reli·
