2526 3246
155 279 216 338 do
348 338 350 341 ,
522 253 588 342 Q
631 254 672 342 ap
714 254 777 343 ab&

178 400 474 482 apparatulitteratum
491 402 695 478 hebraicarum,
717 409 890 479 graecarum}
922 403 1072 463 latinarum
1083 424 1128 471 eta:

176 484 239 561 iarn,
251 488 367 563 ,partim
380 487 415 545 ad
435 484 560 547 audlores
577 487 640 546 illos
663 486 870 563 intelligerrtloa‚
899 491 998 567 partim
1015 492 1048 548 ad
1064 505 1128 555 rno÷

176 572 226 629 dos
244 571 383 650 quosdam
400 570 541 651 loquendi,
563 568 740 646 Theologiae
755 572 920 649 peculiares,
948 569 1021 630 rede
1039 572 1129 649 expli-

175 656 295 722 cand035
317 655 442 713 incidunt
457 659 531 719 enim
542 652 676 720 vocabula
689 672 716 714 et
726 655 855 740 dogmata
865 675 923 714 non
935 676 1046 734 pauca,v
1059 676 1131 736 quae

115 788 117 792 ,
136 789 137 792 ,
176 738 219 798 vel
234 759 249 796 e
265 737 386 813 versione
400 736 480 795 latina
495 738 636 810 sacrorum
651 736 944 817 librorumffetPatrum
957 759 1131 815 graecorunn

174 821 219 886 vel
236 842 253 896 a
261 819 384 880 Patribus
403 819 492 879 latinis
508 835 578 894 orta,
602 836 686 901 atque
695 821 765 879 adeo
780 820 824 881 vel
838 841 853 879 e
867 828 1034 899 graecitate,v
1056 822 1100 885 vel
1113 844 1132 884 e

175 906 307 965 latinitate
322 903 377 963 siue
397 900 534 979 elegante,
556 903 610 962 siue
628 902 801 966 ecclesiastica
816 905 1057 982 explicanda-sunt,
1081 927 1130 969 cuz

176 990 301 1048 iusmodi
315 989 353 1059 est
363 987 531 1047 vocabulum
532 985 756 1072 sntipsnsiiaain
777 990 856 1067 supra
867 1006 1133 1065 commemoratum,

177 1089 205 1143 et
218 1071 353 1150 permulta
372 1070 423 1129 alia
437 1070 495 1130 sere
510 1075 539 1129 in
555 1069 686 1129 omnibns
698 1072 835 1149 capitibus
845 1070 1037 1147 ,Theologiaet
1059 1094 1132 1152 opus

172 1157 214 1234 est
226 1175 313 1233 porro
329 1171 451 1227 accurata
467 1155 577 1213 scientia
591 1154 728 1229 historiae,
739 1160 848 1234 *partim
861 1172 891 1215 vt
900 1155 1045 1216 confilium
1056 1156 1132 1217 mul-

87 1290 90 1294 ,
174 1255 265 1317 tarum
288 1239 504 1314 disputationum
533 1235 606 1296 resle
635 1239 796 1316 perspicias,
828 1239 913 1300 veluti
940 1241 1131 1318 disputationis

172 1319 261 1383 'Paulli
275 1324 304 1381 in
319 1318 455 1399 Epistolis,
473 1321 645 1400 potissimum
660 1323 694 1380 ad
710 1327 791 1384 Rom.
807 1322 868 1383 Gal.
887 1341 914 1383 et
930 1326 1028 1401 Ephes.
1050 1325 1130 1385 desi.

176 1406 211 1466 de
227 1421 255 1465 er
271 1404 417 1484 operiam,
442 1409 564 1487 itemque
582 1403 677 1464 iacobi
692 1409 721 1465 in
736 1407 869 1485 Epistola,
895 1409 1131 1469 etsexcentorum

177 1489 297 1549 aliorum
315 1489 388 1566 apud
403 1493 554 1568 Scriptores
571 1487 775 1565 ecclesiasticos,
793 1496 894 1569 partim
906 1496 1089 1567 vtoriginem
1104 1507 1132 1552 et

178 1575 270 1633 causas
289 1574 453 1648 dogmatum
474 1576 697 1653 opinionumque
711 1588 816 1648 terreae,
845 1579 946 1653 partim
961 1576 1080 1657 denique
1102 1591 1132 1637 vt

178 1655 281 1734 singula
300 1657 435 1737 quaedam
456 1655 591 1717 vocabula
614 1653 688 1714 resle
718 1655 870 1732 intelligere
906 1662 1132 1739 interpretumque

178 1742 277 1819 pol-sn,
306 1759 428 1821 qnorum
448 1740 625 1815 intelligentia
647 1738 839 1799 obseruatione
865 1743 995 1802 historiae
1011 1744 1132 1811 conflata

172 1825 263 1884 ¹neluti
278 1827 307 1882 in
324 1842 395 1882 voce
412 1827 547 1898 ἑμοὲυσιες,
569 1821 716 1900 apatribus
732 1828 844 1883 Nicenis
859 1827 982 1905 usurpata
999 1826 1069 1885 etad
1081 1847 1132 1885 cx·-

177 1908 353 1987 primendam
367 1907 482 1965 eandem
503 1926 621 1964 numero
640 1905 777 1966 essentiam
793 1907 854 1967 Filii
872 1930 938 1969 cum
955 1916 1033 1969 Patre
1048 1912 1131 1970 delli-

176 2007 251 2059 nata3
280 2007 347 2051 tum.
363 2010 435 2067 opus
458 1991 495 2048 est
511 1989 603 2049 subtili
619 1991 741 2065 iudicio,
765 1991 850 2050 veluti
875 1996 905 2051 in
925 1992 1033 2053 deleslu
1049 1989 1130 2070 argu-

177 2092 347 2147 mentorum,
369 2072 469 2152 quibus
486 2072 529 2132 vel
543 2074 670 2141 firmatur
682 2079 796 2148 veritae,
820 2073 863 2134 vel
879 2095 955 2139 error
970 2081 1132 2153 reuincitur,

178 2179 210 2218 ac
230 2156 358 2237 prosedlo
379 2177 437 2216 non
450 2157 556 2234 semper
570 2160 683 2234 optimis
710 2173 737 2217 et
764 2158 825 2217 satis
857 2165 939 2220 certis
964 2168 1133 2236 argumentis

176 2257 290 2301 utuntur
305 2245 485 2315 recentium,
519 2260 573 2299 nec
587 2245 756 2322 antiquiores
770 2240 807 2301 vsi
822 2244 897 2318 sunt,
925 2249 993 2304 item
1013 2245 1132 2320 eleganti

180 2345 272 2397 rerum
288 2323 404 2399 dcledln,
422 2325 565 2404 prudentia
582 2329 723 2399 acerrima,
744 2322 877 2384 breuitate
891 2329 996 2402 diserta,
1022 2328 1133 2389 multis,-

173 2404 235 2489 ¹que
250 2409 370 2477 artificiis
377 2454 386 2482 ‚,
418 2411 452 2468 ad
468 2410 630 2467 discentium
645 2409 688 2468 uel
706 2414 873 2469 memoriam
894 2411 1040 2471 intrandam
1048 2457 1060 2487 ‚.
1087 2415 1132 2474 vel

179 2495 302 2554 studium
323 2494 510 2566 retinendum,
537 2493 580 2551 vel
600 2494 736 2551 iudicium
757 2494 930 2563 acuenduma
961 2498 1081 2576 denique
1102 2503 1132 2557 in

179 2578 304 2640 uniuersa
323 2574 458 2634 methodo
475 2596 547 2652 opus
567 2578 604 2635 est
618 2576 954 2657 philosophicaquadam
974 2579 1131 2657 subtilitate,

179 2663 354 2740 docendique
369 2679 402 2716 ac
416 2660 557 2718 differendi
574 2661 723 2736 elegantia3
743 2681 807 2720 nam
822 2666 850 2721 in
863 2662 1024 2739 Theolagia
1037 2670 1132 2723 omni-

179 2767 217 2806 no
233 2748 313 2805 locus
329 2741 583 2808 (laturdialeslicae
597 2744 746 2819 stabilitati,
768 2744 899 2805 hasienus
914 2748 1025 2820 scilicet,
1048 2764 1078 2807 vt
1089 2767 1133 2805 rc-

179 2827 233 2889 bus
246 2829 317 2888 benc
331 2843 431 2901 utatur,
456 2847 514 2885 non
528 2830 618 2888 modo
631 2833 676 2888 via
692 2830 811 2911 quadam
826 2845 854 2889 et
868 2837 975 2891 ratione
987 2830 1132 2892 edisseren-

179 2913 229 2993 do,
243 2912 292 2977 sed
302 2916 427 2973 etiamen
436 2916 481 2989 iia,
496 2916 692 2994 quaeaccepit,
709 2915 942 2997 argumentando²
957 2913 1074 2974 obscura
1085 2914 1133 2975 de'-

1036 2999 1134 3060 finien-
