2526 3246
180 128 219 195 68
460 138 496 179 ru
517 136 735 178 avanottrvn
754 138 900 181 toruurs

184 261 362 338 discendique
374 257 495 318 siudiutn
506 261 536 318 in
551 258 595 318 ilia
607 255 781 333 accenderet,
799 257 883 319 rebus
898 256 1170 327 visibilibutammo-

184 346 307 411 rabatur3
322 363 385 401 nam
398 340 416 401 fi
431 342 550 401 dixisset:
580 341 758 402 sicredideris
771 345 799 400 in
811 363 867 418 me,
885 342 963 403 beata
976 345 1044 417 eris,
1055 342 1099 404 illa
1112 367 1172 406 non

184 424 374 497 intellexisset,
390 446 456 485 cum
478 447 537 485 non
558 427 646 485 nosset
663 446 743 498 eum,
762 429 792 484 in
813 445 899 506 quem
924 427 1036 486 credere
1057 426 1174 494 iubeba-

184 525 239 568 tut.
286 510 438 568 Veriiiime.
480 513 592 568 Etenim
610 529 645 569 ne
667 508 829 590 sicquidem
845 508 1035 590 assequebatur
1051 525 1177 569 mentem

184 594 322 666 Domini,
350 593 419 652 dum
435 592 545 651 dicebat
563 592 646 653 haec:
679 595 712 653 rsa
732 595 801 659 misti,
816 596 922 659 donum,
936 615 1025 673 aquarn
1048 591 1175 659 narrandi,

186 701 215 736 aa
229 682 296 740 aristi,
318 678 516 753 recitareaiaflti,
530 678 695 733 taratantara
701 680 740 755 'ſsi
751 681 786 732 ad
794 694 883 755 aquam
899 678 1063 736 hauriendam.
1118 679 1174 748 Ne-

189 776 244 836 que
259 763 351 814 tamen
375 755 487 831 indigne
502 755 579 829 tulit,
594 759 740 814 contemni
755 758 874 833 puteum
888 757 995 831 iacobi,
1008 756 1042 815 de
1060 775 1118 835 quo
1127 748 1172 815 re*-

187 837 283 914 ligiose
301 837 448 911 sentiebat,
464 857 529 896 ¹nec
554 837 633 897 irrisit
653 838 832 915 magnificam
850 842 1009 918 orationem
1026 854 1054 897 et
1068 843 1173 915 ignoti,

189 938 216 980 et
241 921 339 993 ludaei,
356 932 438 1001 atque
454 918 552 996 alieni,
570 920 737 981 sed'disCere
760 922 862 1000 cupiit,
882 924 1020 1003 quaenam
1043 922 1108 981 esset
1127 921 1172 981 illa

188 1023 267 1084 aqua.

269 1169 364 1242 Qiare
374 1165 528 1242 Dominus,
543 1166 633 1226 de‘ista
646 1183 674 1224 re
685 1165 843 1228 sermonem
856 1167 1038 1244 abrumpens,
1050 1163 1083 1223 ad
1094 1163 1175 1225 aliam

189 1250 285 1327 vertit,
300 1262 382 1326 atque
393 1267 561 1322 argumento
573 1244 782 1311 omniscientiae
796 1253 938 1311 sture‘eam
953 1252 1134 1327 prouocauit,
1146 1263 1175 1306 vt

190 1332 224 1389 de
236 1331 295 1408 ipso
308 1330 438 1387 statueret
450 1333 680 1406 magnificentius
720 1333 802 1391 iubet
811 1336 896 1408 enim,
910 1348 938 1392 vt
950 1334 1081 1391 maritum
1091 1329 1174 1389 suurn

190 1412 307 1472 accersat
313 1457 321 1485 ,
338 1426 420 1490 atque
435 1411 485 1471 iilo
498 1416 629 1472 comitata
642 1435 712 1474 mox
724 1415 824 1476 redeat.
883 1420 950 1478 Ata,
965 1415 1070 1492 inquit,
1086 1415 1120 1470 ad
1132 1435 1173 1472 aa·

191 1498 324 1575 cessandum
341 1501 455 1554 arroasiam
467 1509 546 1561 aaran,
563 1510 584 1556 ei
600 1520 651 1556 cam
661 1500 701 1556 islo
712 1501 772 1560 redi.
821 1500 866 1558 Ac
881 1500 1041 1559 Dominum
1058 1495 1173 1573 quidem

188 1576 309 1651 sciuisse,
332 1572 466 1636 seminam
483 1598 541 1637 non
558 1577 659 1638 babere
680 1584 822 1655 maritum,
840 1578 966 1661 (dadan)
982 1577 1102 1635 dubitari
1113 1595 1173 1634 non

186 1660 281 1735 ,potest
305 1658 347 1717 vel
360 1675 525 1734 propterea,
538 1665 675 1738 quoniam
687 1665 743 1738 ipse
758 1663 844 1740 paulo
865 1665 926 1739 post
937 1662 1041 1719 ,diserte
1055 1656 1175 1715 declara·

191 1739 245 1798 bat,
285 1740 338 1796 Sed
351 1737 484 1816 quorsum
499 1756 591 1797 tamen
603 1741 740 1799 accersere
755 1749 887 1800 maritum
911 1744 999 1812 iussit,
1014 1756 1097 1818 quem
1115 1757 1175 1796 non

188 1820 291 1881 babere
307 1818 404 1881 sciret?
447 1820 662 1900 Cuius-quidem
676 1826 714 1880 rei
726 1826 889 1900 interpretes
901 1825 1080 1904 antiquiores
1097 1821 1174 1878 velut

191 1921 479 1976 cr-rnrsosrouvs,
498 1906 584 1962 varias
596 1904 687 1963 causas
703 1909 863 1980 excogitare
875 1909 968 1965 conati
982 1903 1060 1977 sunt,
1081 1922 1172 1982 neque

181 2000 285 2049 ‚tamen
301 1984 363 2043 satis
378 1983 546 2061 probabiles.
567 2046 568 2049 ,
609 1987 684 2057 lussit
699 2003 792 2046 autem
810 1988 885 2048 haud
911 1987 995 2046 dubie
1015 1998 1173 2063 propterea,

191 2071 326 2146 quoniam
338 2065 431 2140 sciret,
448 2068 514 2144 quid
531 2067 589 2140 ilia,
606 2069 670 2127 iussa
687 2070 826 2131 aduocare
845 2074 990 2143 maritum,
1013 2067 1173 2146 responsura

189 2149 273 2221 esset,
286 2147 517 2227 occasronemque
529 2154 694 2229 anquireret,
709 2172 769 2211 eam
783 2167 811 2211 et
826 2155 860 2212 de
875 2158 946 2212 vitae
957 2154 1063 2211 ratione
1076 2150 1175 2209 admo·

191 2233 290 2306 nendi,
301 2244 329 2288 et
345 2231 379 2290 ad
391 2231 430 2288 sui
442 2231 654 2291 admirationem
669 2234 814 2293 alliciendi.
856 2239 952 2317 Atque
967 2237 1013 2293 hic
1027 2230 1174 2291 rediistme

165 2356 167 2358 -
187 2332 463 2381 ,crrrtrsosrou-vs
490 2316 674 2374 auinraducrti
688 2316 767 2375 iubet
782 2333 810 2375 et
827 2320 991 2377 modestiam
1008 2318 1126 2374 Domini
1145 2328 1173 2373 et

188 2394 368 2472 sapientiam,
379 2395 456 2473 quod
473 2416 529 2453 uon
541 2397 628 2455 {satim
640 2419 756 2457 omnem
768 2398 806 2457 illi
819 2403 903 2459 vitatu
915 2399 1106 2472 enarrauissat,
1127 2396 1174 2455 sed

186 2482 313 2553 primum
332 2480 392 2535 cius
406 2479 444 2534 rei
460 2476 634 2537 occasionem
648 2479 834 2559 quaefiuisset,
846 2497 888 2557 vt,
905 2503 975 2562 quae
992 2479 1116 2540 didimus
1132 2481 1173 2538 es-

189 2559 243 2633 set,
255 2576 301 2618 aut
319 2558 483 2628 necessaria,
497 2576 543 2618 aut
558 2578 632 2619 certe
644 2579 705 2638 apte
720 2565 811 2622 dicere
824 2567 980 2639 uideretur,
1002 2583 1053 2622 nec
1072 2561 1105 2622 ab
1118 2566 1171 2620 iui-

190 2645 231 2700 tio
248 2641 431 2717 significasset,
443 2644 565 2719 quinque
578 2662 637 2701 eant
651 2647 764 2704 maritos
777 2645 915 2718 habuisse,
938 2669 988 2721 ne,
1009 2666 1074 2704 cum
1089 2646 1115 2704 se
1127 2665 1168 2703 va·

189 2738 246 2781 tem
263 2724 315 2783 eise
333 2724 505 2794 ostenderet,
520 2721 610 2782 secisse
622 2727 708 2784 videri
726 2727 814 2802 posset
825 2734 996 2805 arrogantius
1015 2742 1096 2807 atque
1116 2747 1173 2785 am-

189 2805 330 2881 bitiosam,
355 2821 403 2866 aut
424 2821 537 2883 raptum
561 2809 638 2868 inisse
667 2810 857 2887 diuinitatem,
879 2827 908 2871 vt
928 2812 1029 2874 Paulus
1043 2812 1170 2888 Aposto-

1127 2893 1171 2954 lus
