2526 3246
147 268 202 333 que
214 253 374 331 interierint,
398 252 561 332 religionem
579 266 606 308 et
617 250 702 325 ipsam
716 248 892 312 sinceritatem
907 247 982 308 snam
1001 247 1099 309 amisis·

125 342 185 408 .se,
208 342 257 418 ita,
280 361 309 403 vt
327 363 391 401 cum
409 338 534 415 negledla
560 335 782 410 interpretatione
800 337 987 415 granimatica‚
1007 337 1101 398 barba·

145 429 196 488 ries
211 450 236 489 er
248 432 385 487 sacrorum
402 422 544 498 corruptio
559 438 585 480 et
595 438 658 481 nata
673 440 698 481 er
711 440 880 500 propagata,
901 446 949 500 per
967 426 1040 485 illam
1054 445 1099 485 ve·-

141 536 174 575 ro
188 515 291 590 puritas
305 510 446 587 religionis
459 528 486 569 et
500 509 656 569 conseruata
674 526 700 568 et
722 507 838 568 restituta
852 507 920 584 elle,
942 511 997 570 iure
1011 510 1097 572 existi·

139 616 236 674 inetur.
267 593 461 673 ‚Religionem
497 596 680 672 christianam,
708 594 737 652 in
771 594 896 654 confello
919 596 977 670 est,
995 616 1093 673 puram

53 704 54 707 ¹
139 685 294 760 castamque
307 681 506 744 elieseruatam
522 682 629 742 saeculis
650 681 789 758 prioribus
803 684 865 758 post
885 683 1032 742 restitutam
1046 704 1094 761 pet

140 768 280 828 Christum
309 770 435 841 ¹salutem,
457 769 550 848 quoad
567 769 680 847 quidem
697 787 803 847 partem
815 769 964 830 inanimam
983 783 1008 829 et
1020 790 1096 847 prae-

141 856 322 926 stantiffimanr
330 875 338 927 3
353 877 417 916 nam
426 856 461 915 ab
474 856 551 939 initio
564 855 649 916 statim
658 859 761 915 multos
776 856 867 930 fuisse,
881 856 909 916 in
921 871 1035 934 promtu
1048 859 1096 933 est,

141 941 190 1019 qtti
201 933 329 1018 peruerse
337 943 477 1017 sentirent,
500 963 526 1004 et
538 943 658 1021 ipsorum
672 963 786 1023 quoque
799 943 920 1003 ecclefiae
936 943 1094 1019 doliorum,

141 1029 204 1088 alias
216 1030 294 1088 valde
308 1032 508 1105 excellentium,
524 1028 810 1104 nonnullosextitiffe,
825 1030 913 1110 quiin
927 1031 1095 1108 quibusdam

57 1120 71 1178 J
140 1114 281 1175 dothinae
293 1117 426 1192 capitibus
438 1136 497 1175 non
514 1116 573 1176 settis
592 1116 665 1193 recle
683 1134 710 1176 et
732 1127 855 1177 accttrate
870 1118 1029 1193 statuerent,
1050 1118 1095 1178 de*

140 1202 210 1278 cepti
221 1202 346 1279 inprimis
359 1204 534 1281 Philosophia
546 1203 742 1277 Platonica,seu
757 1206 886 1277 ecleclica7
901 1225 971 1281 quae
982 1222 1009 1262 et
1025 1203 1094 1281 ipsa,

138 1288 185 1351 vix
198 1288 250 1347 dici
262 1292 363 1365 potest,
386 1312 468 1369 quam
482 1290 618 1367 peruerfas
631 1309 753 1371 errorum
766 1289 914 1365 opiniones
925 1288 952 1346 in
965 1290 1091 1349 Theolo-

110 1374 112 1378 ’
137 1375 211 1452 giam
226 1377 409 1441 transtulerit,
423 1394 595 1454 quantasque
607 1376 701 1435 turbas
714 1374 743 1434 in
761 1377 867 1434 ecclesia
886 1373 1031 1435 christiana
1046 1376 1091 1437 de·

136 1460 223 1532 detit3
245 1462 278 1520 de
298 1483 352 1543 qua
371 1485 400 1522 re
420 1480 526 1541 praeter
555 1483 738 1522 cortrone.
767 1481 969 1521 otenntvna
990 1463 1018 1522 in
1036 1463 1090 1541 diff.

135 1548 269 1627 drPhr'los.
282 1552 416 1624 Erichtho,
442 1571 511 1629 quae
529 1570 634 1609 anneta
650 1551 687 1609 est
705 1550 810 1608 Stoaler'a'
826 1551 893 1627 Hr'sl.
913 1549 982 1607 Phil.
1001 1549 1090 1609 nemi-

134 1654 200 1693 nem
211 1634 279 1693 noui
292 1637 439 1695 accuratius
453 1640 478 1695 et
492 1637 653 1695 luculemius
667 1634 825 1712 exposuille,
834 1656 916 1715 quam
934 1655 946 1693 s
958 1657 1001 1695 etr
1010 1659 1028 1696 rt
1038 1657 1055 1695 o
1066 1656 1093 1695 t·

136 1742 294 1795 arctarunt,
320 1726 352 1781 V
365 1725 413 1782 Cel.
426 1726 492 1802 Ht'sl.
507 1724 571 1782 Errl.
594 1725 620 1782 t:
637 1726 687 1780 HI.
699 1745 730 1800 p.
742 1725 842 1801 aroffi
872 1722 925 1782 Sed
938 1723 1089 1783 maximam

137 1823 228 1867 tamen
246 1826 350 1883 partem
366 1811 525 1883 incorrupta
543 1827 569 1865 er
584 1809 668 1867 illaesa
686 1809 798 1883 perstitit
818 1808 957 1866 doetrinae
971 1809 1090 1868 christia-

137 1912 188 1952 nae
200 1892 302 1968 pttritas
314 1891 359 1949 illo
373 1911 505 1970 tempore.
528 1893 637 1950 Etenim
652 1893 765 1970 vigebat
774 1892 913 1953 literarum
924 1893 1042 1953 studium
1062 1911 1089 1953 et

137 1978 241 2038 erudita
253 1978 436 2055 interpretatio
454 1979 653 2056 Scripturarnm
665 1979 806 2040 hetaeum
833 1979 938 2038 Habuit
949 1977 976 2038 in
991 1980 1088 2058 primis

134 2065 177 2125 illa
190 2083 260 2124 aetas
284 2085 345 2124 ortt
356 2087 397 2125 cn
408 2088 427 2125 Ν
438 2088 452 2124 n
462 2088 500 2139 n,
522 2066 680 2145 linguarum
693 2084 806 2144 graecae
819 2084 844 2124 et
858 2065 1003 2148 ‘hebraicae
1019 2065 1098 2144 periss>

135 2153 278 2225 tillimum,
295 2154 470 2233 eundemque
487 2153 662 2230 interpretem
680 2153 808 2211 omnium
826 2153 1088 2231 praestantiliimum‚

133 2257 160 2299 et
172 2238 399 2316 interpretationis
416 2241 607 2319 gramtnaticae
620 2240 769 2314 madorem,
785 2259 849 2317 qua,
866 2239 912 2302 vix
926 2240 978 2299 dici
987 2242 1086 2318 potest,

123 2340 265 2404 ‘quantam
279 2326 419 2387 utilitatem
437 2328 550 2386 attulerit
567 2327 706 2388 uniuersae
720 2325 849 2387 ecclesiae.
893 2330 989 2387 Secuta
1007 2328 1043 2386 est
1059 2327 1088 2385 il·

133 2416 192 2471 lum
210 2413 406 2490 discipulorum
428 2435 529 2493 magna
542 2435 619 2492 pars‚
648 2414 696 2493 qui
717 2433 888 2493 quamquam
912 2434 970 2472 non
989 2422 1088 2473 omnes

134 2519 222 2576 aeque
234 2501 359 2560 hebraice
372 2502 447 2562 dodi
460 2501 561 2575 ellent‚·
578 2519 660 2580 atque
672 2501 811 2579 magister,
834 2521 950 2579 eamque
963 2501 1087 2579 linguam

134 2588 178 2645 vel
191 2588 307 2644 omnino
321 2609 394 2655 non,
412 2593 455 2650 vel
470 2588 624 2648 admodum
641 2588 770 2659 tenuiter,
788 2607 879 2667 neque
896 2588 931 2647 ad
944 2589 1089 2646 Gramma-

135 2672 255 2731 ticorum
279 2666 416 2756 depreciat
434 2692 460 2734 et
477 2675 586 2753 copiam
606 2679 745 2736 callerent:
769 2692 859 2735 tamen
877 2671 995 2752 instructi
1014 2689 1090 2734 erant

129 2758 243 2845 „scientia
256 2759 365 2839 linguae
379 2782 490 2842 graecae
503 2765 659 2835 excellente,
673 2781 699 2821 et
711 2759 903 2840 interpretandi
915 2776 986 2820 artes
1001 2781 1092 2840 gram·

136 2845 248 2906 maritas
268 2864 294 2905 et
312 2850 459 2910 rhetoricas
475 2870 524 2928 per
541 2850 618 2912 vsum
638 2845 768 2909 tenebant
785 2846 912 2925 egregie,
937 2850 1093 2910 vtebantuu

138 2951 193 3012 que
206 2933 380 3014 Origeniano
392 2958 476 3018 opere
489 2937 604 3017 biblico,
623 2936 651 2995 in
663 2936 815 3018 primisque
827 2936 931 3018 Aqttilre
943 2953 969 2997 et
981 2936 1094 3018 Spatana·

631 3026 653 3082 Β
937 3019 941 3024 ’
1053 3022 1095 3082 cta·
