2526 3246
155 103 184 176 Χ

160 268 261 330 genere
273 247 406 310 doc‘lrlnae
420 239 555 318 virorum⁵
577 237 763 325 vtParifienfi,
782 237 1038 325 sclrolae'publicae,
1066 263 1130 327 quar

161 340 201 396 les
213 357 286 395 nunc
298 338 356 393 sunt
367 333 544 397 Academiae,
568 350 595 391 et
607 347 707 398 nornen
722 336 843 394 dodoris
856 333 956 393 sallum
970 336 1034 396 esset
1054 339 1133 396 etiam

135 436 137 439 ’
159 442 262 482 nornen
276 421 424 496 dignitatis,
445 417 579 495 inultique
595 420 662 478 illam
682 423 838 498 dignitatem
862 438 1038 498 appeterent,
1064 422 1133 480 mur-

163 526 218 567 tum
233 527 261 562 ea
276 505 323 564 res'
333 508 413 565 valuit
425 508 458 565 ad
471 506 602 571 incitanda
613 507 695 563 studia
715 508 854 568 doctrinae
874 508 1029 580 subtilioris,
1057 525 1135 584 prae·

159 592 257 663 sertim,
279 612 342 651 cum
351 594 502 651 institutum
516 592 578 648 esset
591 591 762 650 saluberrimo
774 593 896 665 confilio,
917 610 946 649 vt
958 594 1012 651 hoc
1025 609 1136 661 nomen,
1149 635 1150 638 ,

159 671 334 755 omninoque
346 681 462 757 potestas
476 677 594 734 docendi
608 683 712 755 praeter
725 700 787 749 eoa,
809 681 853 755 qui
867 679 974 756 publice
989 680 1021 736 ad
1034 680 1140 737 docens

159 765 227 840 dum
243 764 327 823 essent
338 766 489 835 constituti,
507 764 589 836 ,etiam
603 768 837 829 aliistribueretur,
858 766 902 821 sed
915 782 1017 822 tantum
1029 764 1135 840 hie,qui

159 870 211 929 per
223 868 294 908 certa
307 869 333 908 et
345 851 442 908 idonea
455 850 595 925 specimina
609 853 634 909 se
648 852 745 927 dignos
758 872 792 908 eo
808 852 919 908 nornine
931 869 1010 925 atque
1027 845 1136 909 honore

159 937 327 1014 probassent:
349 958 382 994 ex
396 937 493 1012 qrribus
508 936 607 994 deinde
619 939 651 994 ad
665 937 1056 994 muneraeccleliasticamaiora
1068 935 1134 993 mul=
1148 966 1153 970 ·
1165 982 1173 994 ,,

159 1024 182 1080 ti
196 1023 285 1081 vocati
303 1024 383 1097 sunt,
398 1024 486 1099 plures
504 1024 599 1097 etiam,
621 1026 667 1099 qui
685 1025 742 1082 talia
760 1043 868 1081 munera
887 1022 1059 1096 sustinerent,
1081 1041 1152 1079 nor
1197 1050 1200 1058 0

160 1107 364 1167 ruendocl‘oris
377 1110 582 1185 expetiuerunt,
603 1129 684 1185 atque
696 1111 790 1181 etiam,
812 1109 939 1171 doclorer
960 1110 987 1165 iu.
1002 1110 1055 1167 suia
1069 1108 1133 1165 sedi*

159 1195 211 1254 bras
223 1213 349 1270 egeruntr
372 1192 539 1269 quodetiam
556 1198 582 1251 in
598 1197 646 1252 hac
661 1197 741 1270 patria
754 1186 1055 1267 nostraolimsiequens
1071 1195 1133 1272 fuit.

156 1282 253 1354 Atque
264 1280 342 1336 etiarn
356 1280 410 1336 hoc
427 1281 576 1353 reperimus
597 1300 609 1336 a
629 1282 775 1338 maioribus
793 1279 890 1337 nostris
908 1279 982 1336 soille
1000 1279 1135 1336 salubriter

155 1365 324 1437 institutum,
346 1382 376 1423 vt
388 1367 439 1436 iis,
458 1366 543 1439 quiin
558 1366 843 1437 urbibuamaioribru,
868 1365 1010 1440 inprimis,
1032 1367 1136 1422 vbiEc⁴
1153 1420 1154 1423 ,

158 1451 249 1522 clefiae
267 1451 441 1509 Catlredrales
454 1450 551 1523 essent,
580 1446 718 1510 Antistites
731 1454 877 1516 sacrorum
890 1451 985 1530 essent,
1012 1449 1134 1508 dodloris

158 1555 267 1595 nomen
286 1530 405 1613 legitime
429 1553 565 1613 caperent.
607 1542 680 1597 Nam
696 1557 726 1597 ea
741 1557 784 1595 res
801 1537 915 1595 habebat
932 1538 1001 1593 hanc
1017 1538 1085 1612 vim,
1104 1552 1134 1594 vt

156 1641 216 1681 raon
237 1640 400 1699 appeterent
417 1623 476 1680 talia
496 1623 570 1694 loca,
598 1624 715 1700 nisr'qui
728 1623 867 1681 confidere
884 1622 1004 1700 possent,
1025 1624 1050 1680 se
1061 1620 1133 1690 illud

158 1728 222 1767 cum
242 1707 371 1783 dignitate
392 1720 497 1786 capere
506 1710 608 1786 polle:¹
625 1713 736 1768 iuuenes
759 1727 862 1782 autem,
891 1708 976 1783 quise
992 1707 1024 1764 ad
1045 1708 1132 1765 studia

142 1796 225 1873 ‘sarcra
246 1791 435 1867 con'tulisl'cnm
462 1813 489 1873 ct
506 1795 597 1852 altiora
619 1796 788 1872 spediurnae,
804 1812 845 1852 rt
863 1794 921 1851 sere
936 1794 967 1850 fit
980 1795 1007 1850 in
1020 1794 1133 1869 ingeniis

156 1880 315 1938 melioribus
332 1896 359 1937 et
371 1880 555 1952 ercdlioribu's,
575 1901 609 1937 eo
623 1883 708 1939 acrius
720 1882 751 1938 ad
762 1878 968 1959 comparandam
982 1879 1133 1936 dodlrirram

155 1968 288 2023 maiorem
301 1982 329 2021 et
341 1966 486 2040 perseslam
499 1966 685 2023 incitarentur:
710 1967 829 2041 denique
847 1965 977 2042 inprimis,
997 1980 1026 2022 ut
1036 1984 1084 2041 per
1096 1980 1134 2023 ta·

160 2052 199 2111 les
211 2050 353 2108 Antistites
366 2051 447 2107 veluti
461 2051 563 2120 scholae
579 2051 676 2108 fierent
689 2053 866 2129 theologicae,
883 2053 1019 2126 inquibus
1038 2051 1136 2127 partim

161 2154 355 2195 exercerentur
367 2136 393 2207 ii,
423 2138 476 2211 qui
491 2137 777 2200 absolutoacadenrico
790 2137 1068 2213 cursu‚exl'pedlareut
1077 2155 1137 2194 mu·

158 2242 223 2281 neta
236 2222 451 2294 ecclesiasticam
464 2223 628 2292 retinendam
642 2243 669 2281 et
684 2225 895 2287 confirmandam
904 2224 1135 2297 scientiamgquam

159 2330 195 2368 ex
209 2308 356 2369 Academia
370 2308 567 2384 deportassent,
586 2311 681 2385 partim
700 2312 777 2372 etiam
798 2310 887 2385 augeri
900 2309 1004 2366 scientia
1017 2309 1132 2384 possein.

157 2396 247 2455 Cuius
265 2395 371 2471 generis
385 2396 458 2470 plura
472 2396 590 2472 exempla
603 2396 707 2471 egregia
720 2396 890 2472 reperiuntur
905 2411 931 2451 et
944 2396 971 2451 in
983 2396 1065 2471 patria
1077 2387 1134 2453 no-

153 2485 204 2540 stra
219 2500 247 2555 et
260 2499 408 2539 extraeanr.
454 2481 962 2556 Inprimisestdignumcommemoratu
974 2482 1010 2539 Io.
1026 2483 1131 2555 Olenii,

155 2570 290 2629 Antistius
310 2572 452 2625 Sacrorum
474 2566 591 2623 Halensrs
609 2587 732 2626 extremo
750 2569 839 2626 seculo
860 2568 1005 2645 superiori,
1038 2587 1150 2625 erem-¹
1196 2625 1198 2627 ,

155 2654 324 2729 plumcuius
337 2654 425 2711 schola
435 2652 587 2728 theologica
602 2655 635 2711 ita
649 2656 836 2718 clara'fuitillo
854 2674 994 2732 tempore,
1013 2672 1048 2710 vrt
1066 2672 1132 2729 per-

130 2738 132 2741 ’
154 2739 232 2794 multi
252 2741 388 2798 dodriuae
407 2740 539 2796 uberioris
557 2739 663 2813 cupidi,
688 2761 749 2798 cum
769 2742 939 2798 Academiam
958 2739 1131 2816 reliquilsent,

154 2823 251 2881 Halam
264 2824 345 2896 irent,
368 2846 397 2885 rt
409 2829 483 2895 abeo
493 2825 639 2893 discerent,
659 2825 809 2902 praesertim
822 2846 884 2882 cum
896 2827 1045 2899 constaret,
1068 2821 1132 2883 eum

152 2909 182 2970 in
198 2909 306 2970 scientia
321 2911 584 2993 interpretandarum
595 2913 728 2976 librorum
747 2914 880 2987 sacrorum
900 2912 971 2992 ipsos
989 2909 1130 2970 Academi·

1081 3017 1131 3059 COS
