2526 3246
176 55 279 123 Vl.
459 38 809 128 *lessam*

183 194 354 257 institutione
369 183 571 262 ,Apostolorum
592 183 739 261 tenebant,
750 186 848 259 quos,
866 186 997 249 credibile
1015 189 1071 263 est,
1093 187 1171 248 ratio·

182 297 248 340 nem
262 295 371 351 quoque
390 267 513 329 habuisse
529 267 676 329 dosioruru
692 268 869 337 futurorum3
892 273 973 340 quod
995 271 1040 331 etsr
1065 292 1123 330 non
1136 271 1172 330 l·
1241 269 1244 272 ’

183 366 216 425 tis
229 361 366 421 euidenter
380 352 492 427 probari
514 351 587 427 polle
603 352 712 414 videtur
724 370 757 411 ex
777 373 795 413 2
808 350 880 410 Tim.
896 355 929 410 ll.
943 372 973 412 vt
992 353 1107 426 quidam
1118 375 1173 429 pu·
1253 399 1256 402 -

181 464 254 511 rant3
278 458 368 497 tamen
383 437 585 511 nonestplane
608 436 797 508 improbabile
809 453 842 495 ex
860 435 906 501 iis,
923 454 992 509 quae
1011 437 1045 493 de
1071 440 1174 499 Ioanne
1256 463 1258 465 ·

115 590 116 593 Ἴ
180 521 316 597 Apostulo
339 539 449 579 narrant
477 520 744 589 Irenomrorsutlroer.
760 521 860 580 Ibat..
875 539 900 576 et
914 519 998 599 Eluas.
1015 522 1049 581 H.
1073 522 1104 577 Ε.
1121 522 1173 584 HI,

180 625 326 685 amatque
342 605 417 663 idem
434 601 478 658 ille
496 601 608 679 Ettsrlu'nr
625 600 642 656 l.
661 618 682 655 c.
697 603 732 673 V,
750 620 799 659 20.
818 601 852 658 de
867 600 1035 676 Polycarpo,
1057 601 1173 666 loannis

179 690 322 763 discipulo,
372 684 423 742 Sed
438 679 566 741 insecutis
586 681 759 753 temporibus
780 700 844 740 cunr
864 681 1011 750 librisacri
1031 682 1177 757 quandam
1214 710 1216 714 ’

180 773 256 849 quasi
277 768 433 829 vetustatem
454 762 665 836 contraxissent,
684 763 870 840 venissentque
888 785 953 825 cum
976 765 1112 842 religione
1131 786 1173 827 ve·

111 865 114 867 ’
179 870 208 916 'ra
226 851 410 926 adpopulos,
428 847 569 906 hebraicae
588 847 700 921 linguae
719 847 835 922 eiusque
851 848 991 922 loquendi.
1003 848 1174 909 consuetudi·

179 939 221 998 nis
239 933 401 1008 imperitos3
416 951 476 994 cum
493 951 576 1004 porro
592 929 688 1005 lingua
698 950 793 1005 graeca
806 949 831 988 er
846 929 900 1003 ipsa
916 949 951 989 ex
964 929 1011 989 vsu
1027 930 1173 989 communi

178 1020 279 1079 sensim
298 1017 403 1075 sublata
420 1012 496 1089 esset,
517 1033 561 1072 nur
579 1031 650 1072 certe
669 1013 749 1070 nimis
767 1031 880 1082 mutata3
900 1012 1025 1087 denique
1046 1031 1116 1071 cum
1129 1032 1172 1074 ex·

180 1104 335 1173 orirentur,
361 1096 579 1172 qui-Scripturas
602 1096 675 1153 male
696 1095 897 1167 interpretando
917 1094 962 1153 v'e'l
975 1113 1173 1169 peruerrerent,

181 1188 226 1245 vel
243 1185 311 1241 adeo
328 1182 548 1252 impugnarent:
579 1178 708 1234 maiorer
725 1176 847 1247 atriplior
868 1176 1007 1235 doslrinae
1028 1189 1172 1251 apparatus

115 1295 117 1297 ·
179 1265 369 1340 requirebatur
386 1261 419 1318 ab
435 1280 483 1336 eo,
507 1259 554 1330 qui
573 1256 694 1317 oneraris
713 1277 801 1330 partes
815 1258 941 1317 sustinere
956 1259 1042 1319 vellet.

182 1390 199 1415 „
265 1351 295 1405 ln
313 1341 512 1419 quoadmirari
534 1341 678 1398 debemus⁴
697 1339 820 1399 diuinam
847 1339 1066 1414 prouidentiamr
1096 1340 1172 1416 quod

125 1480 127 1482 .
181 1424 216 1492 ad
233 1431 400 1505 religionem
420 1424 588 1482 christianam
604 1422 703 1480 adduci
717 1423 821 1497 voluit,
841 1443 946 1496 praeter
968 1423 1173 1484 multitudinem

182 1512 332 1574 hominum
351 1511 387 1566 de
407 1508 503 1580 plebe,
530 1507 607 1564 etiam
624 1525 756 1580 magnum
775 1526 923 1565 numerum
936 1527 1045 1580 eorum,
1071 1507 1121 1581 qui
1136 1505 1172 1565 es-

183 1597 243 1656 sent
257 1596 415 1668 linguarum
442 1589 634 1665 legitimaeque
663 1588 855 1661 interpretandi
872 1589 984 1647 rationis
1002 1589 1090 1664 periti.
1131 1592 1172 1650 Et·

184 1679 263 1739 enim
283 1672 441 1736 accesserunt
466 1687 579 1745 quoque
605 1672 641 1729 ed
665 1672 830 1744 religionem
849 1671 1017 1734 christianam
1041 1669 1171 1743 homines

183 1755 375 1830 erudiriffimi,
404 1757 548 1817 Oratores,
582 1752 759 1826 Philosophi,
793 1752 860 1811 Iuris
881 1752 1125 1815 consummante
1143 1754 1171 1813 in

184 1841 305 1902 summis·
326 1835 505 1912 dignitatibus
525 1835 652 1895 ciuilibus
678 1835 828 1908 constituri,
855 1835 936 1893 etiam
963 1836 1076 1895 ministri
1088 1836 1171 1911 regii,
1245 1894 1250 1898 ,

184 1926 232 1984 sed
256 1923 338 1980 iidem
354 1938 450 1976 omnes
467 1920 561 1976 litteris
577 1917 808 1993 elegantioribus,
831 1920 988 1991 artibusque
1018 1919 1127 1977 dicettdi
1138 1937 1171 1978 *et

185 2002 384 2078 interpretandi
398 2001 505 2074 egregie
521 2000 657 2072 immissi,
678 2002 744 2073 quas
768 2018 804 2058 eir
824 2020 895 2073 parte
921 2001 969 2073 ipsi
991 2020 1050 2059 ante
1073 2002 1170 2060 docue-

185 2106 263 2160 rant,
291 2103 319 2145 vt
336 2085 488 2160 Augrfir'unr
503 2082 592 2141 etalii.
623 2084 785 2163 Anrbrofirr,
809 2103 969 2156 quanquam
985 2102 1086 2142 munus
1107 2083 1170 2143 ciui·

180 2174 210 2246 *le
229 2167 388 2238 sustinuerat
404 2187 409 2220 :
423 2165 485 2238 ¹suit
510 2165 582 2224 enim
607 2166 645 2221 ab
670 2163 746 2222 initio
770 2167 884 2237 Orator,
900 2166 1001 2233 deinde
1016 2165 1169 2225 Praeseslus

184 2250 345 2313 Praetorio:
368 2246 614 2306 tameneommuni
640 2247 769 2305 omnium
795 2248 925 2322 suffingio
948 2248 1107 2307 constiturus
1134 2250 1170 2307 est

183 2336 335 2411 Episcopus
342 2352 350 2400 ;
375 2329 471 2406 etenim
490 2331 587 2388 litteras
599 2348 709 2403 graecas
728 2347 753 2386 er
772 2329 865 2387 latinas
878 2330 990 2405 egregie
1016 2330 1123 2403 calluit,
1145 2348 1170 2390 et

183 2420 287 2479 collato
303 2412 403 2472 deinde
422 2411 499 2469 omni
511 2413 596 2469 studio
610 2412 647 2469 ad
659 2410 756 2469 litteras
772 2411 856 2470 sacras
871 2413 1076 2487 intelligendas,
1087 2413 1116 2470 in
1128 2434 1170 2472 ea·

183 2522 245 2560 rum
263 2495 370 2557 scientia
387 2493 420 2550 ira
432 2494 559 2568 profecit,¹
573 2512 601 2553 vt
610 2494 690 2551 breui
701 2512 825 2568 tempore
836 2495 1067 2568 praestanriffinrus
1079 2496 1171 2556 Theo·

184 2583 266 2657 logos
282 2579 423 2640 euaderet,
444 2574 561 2650 essetque
576 2574 646 2634 inter
661 2596 755 2636 omnes
776 2578 899 2637 doslores
918 2578 1038 2637 ecclesiae
1060 2577 1169 2651 latinae,

187 2683 299 2735 eueepro
312 2668 479 2738 Hieronymo,
500 2657 576 2716 facile
596 2658 730 2731 princeps.
794 2665 884 2734 Atque
900 2660 931 2718 in
950 2661 1107 2720 uniuersum
1130 2679 1169 2719 ec·

187 2744 264 2803 elesra
285 2743 420 2818 principes
436 2740 582 2802 doslorurn
601 2740 728 2814 suorum,
751 2744 931 2806 Tertulliano,
953 2746 1099 2820 Cymatium,
1114 2745 1168 2800 Au-

1051 2825 1169 2901 gryllum,
