2526 3246
193 70 232 126 IV
552 54 624 139 ’Q
655 60 715 131 W
750 60 813 141 ab&
935 128 938 129 γ
989 122 991 124 ,

201 229 228 271 et
240 211 388 268 constanter
403 222 432 261 ac
446 195 620 276 perficiendi,
642 216 672 258 vt
694 199 788 273 potius
806 204 841 260 ita
852 201 1085 280 hominesvitlis
1100 201 1177 276 cupiu

205 294 385 360 ditatibusque
403 281 504 340 additu
521 282 571 342 sint
589 302 669 357 atque
692 283 827 357 obnoxii,
849 287 988 355 aquibus
1009 285 1065 350 sua¹
1076 280 1122 351 aut
1141 285 1179 344 le*

208 376 249 450 gis
264 372 393 439 cuiusque
405 364 435 425 vi
447 365 562 424 abstrahi
582 384 662 437 atque
683 364 792 425 liberari
804 388 861 425 non
873 363 1028 441 poffint'3'vt
1041 368 1090 425 suo
1107 368 1180 441 quis·
1235 361 1237 365 ’

208 449 353 528 quesensu
370 447 481 522 discere,
493 448 597 521 potest,
615 445 662 503 nifi
673 446 730 518 srb'i
746 448 977 528 veliradmodunt
995 445 1133 523 assentari,
1147 466 1181 507 -et

207 531 392 606 sapientissimi
423 532 539 603 quique,
564 529 617 584 hoc
641 527 694 599 est,
717 526 766 601 qiti
788 530 932 603 sentetipfii
948 528 1079 604 cognitos
1100 530 1181 589 habe-

206 622 282 691 rent,
297 615 462 684 iudicarunt,
485 630 509 668 et
523 609 608 667 sacrae
625 608 716 667 literae
741 610 882 686 clariffime
907 613 1111 681 demonstrant:
1134 630 1182 668 eos

208 718 336 773 quoque,
358 696 385 752 in
407 696 518 766 promtu
537 692 588 763 est,
604 690 658 749 line
671 693 723 748 alia
741 714 815 750 noua
837 714 892 766 ope
908 713 934 751 et
947 694 974 749 vi
992 692 1100 764 diuina,
1133 712 1183 750 nec

210 782 300 846 saluos
315 776 366 836 esse
385 773 459 848 posse
471 792 498 832 et
510 775 543 831 ad
559 773 715 840 felicitatem
730 775 879 847 adspirare,
900 795 950 831 nec
967 776 1000 832 ad
1019 794 1112 833 veram
1128 773 1184 830 san·

216 864 334 921 {litatem
360 856 525 930 peruenire,
555 875 625 927 quae
646 864 806 927 quanquam
821 852 878 913 tion
902 857 939 911 est
956 857 1001 912 lex
1019 850 1110 910 salutis
1129 857 1184 926 spe·

213 945 311 1003 randae
327 959 353 998 et
366 938 546 1012 expetendae,
567 956 658 994 tamen
677 938 768 996 abeo
784 937 944 1010 requiritur,
967 936 1015 1008 qui
1036 936 1125 992 voluit
1137 937 1201 993 hou

213 1026 301 1086 mines
312 1078 314 1080 .
327 1019 378 1080 else
397 1020 512 1082 sanslos,
532 1018 630 1075 avitiis
648 1037 733 1089 puros
747 1013 919 1091 etvomnibus
940 1017 1087 1094 virtutibus
1107 1037 1185 1075 orna·

213 1127 270 1180 tos,
291 1125 347 1161 non
364 1114 393 1160 v't
413 1121 525 1173 propter
543 1099 707 1157 fatuitatem
723 1103 757 1157 ad
780 1108 842 1160 eam
862 1098 1019 1158 felicitatem
1047 1098 1184 1173 venirent,

196 1189 314 1260 -illaque
338 1182 400 1241 esset
421 1185 501 1239 huius
519 1181 656 1249 efficiens5
678 1183 941 1254 quomodoenim?
963 1181 1007 1239 sed
1026 1183 1103 1251 quod
1129 1193 1187 1238 non

167 1340 169 1342 V
212 1270 319 1326 deceret
333 1267 444 1335 Deum,
467 1263 689 1334 sanditatemque
705 1264 763 1320 eius
776 1265 929 1328 summam,
952 1263 1047 1319 alienis
1064 1282 1080 1335 a
1095 1261 1196 1319 sancli-¹

212 1369 266 1410 tate
285 1366 365 1418 arque
380 1343 516 1417 improbis
537 1344 600 1401 dare
619 1343 703 1400 veluti
723 1346 878 1415 praemium
893 1343 1040 1414 impietatis
1052 1363 1059 1411 3
1073 1362 1101 1401 vt
1117 1344 1187 1402 clare

143 1486 145 1488 ,
214 1451 288 1506 patet
304 1447 338 1486 ex
352 1427 445 1490 multis
469 1425 568 1482 Christi
591 1424 780 1502 sermonibus,
798 1426 1084 1500 disputationibusque
1112 1427 1189 1497 Apo-

214 1514 358 1577 stolorum.
644 1545 647 1549 -
746 1548 749 1552 -
879 1551 880 1556 κ
905 1513 907 1518 ’

182 1619 184 1622 ·
240 1624 242 1629 s
292 1596 394 1665 'ltaque
412 1592 502 1653 Deus,
517 1606 546 1646 vt
561 1605 735 1661 expromeret
749 1606 775 1646 et
794 1589 821 1647 in
841 1586 1017 1661 conspeslum
1036 1587 1189 1663 intelligen-
1226 1610 1237 1623 ‘-

218 1675 288 1736 tium
316 1693 470 1731 naturarum
489 1672 621 1743 proferret
646 1671 702 1727 vim
723 1669 798 1727 suam
825 1691 851 1728 et
877 1667 1051 1742 sapientiam,
1072 1689 1098 1727 er
1123 1669 1189 1728 vero

216 1757 342 1816 maxime
367 1753 563 1827 benignitatem
586 1751 793 1824 admirabilem,
814 1773 879 1809 non
902 1752 989 1809 modo
1011 1749 1129 1809 reddidit
1140 1752 1190 1808 ho·

217 1838 341 1898 minibus
361 1837 451 1893 salutis
473 1834 569 1907 spem,
587 1834 729 1905 expiandis
744 1854 793 1905 per
805 1834 944 1891 Christum
959 1837 1074 1905 peccatis
1091 1843 1190 1892 eorum

219 1921 364 1984 omnibus,
383 1917 428 1973 sed
451 1917 547 1984 etiam,
564 1935 627 1971 cum
650 1915 718 1971 ratio
736 1935 764 1972 et
780 1934 874 1972 natura
896 1935 952 1970 non
973 1912 1072 1985 pollet,
1088 1916 1191 1985 Spiritu

219 2000 270 2058 suo
287 1996 448 2054 sandrisicare
462 1991 589 2052 homines
604 1995 741 2066 decreuit,
759 1998 864 2069 ¹eosque
889 1996 973 2053 velun
999 2015 1071 2051 totos
1084 1998 1189 2054 tradere

222 2080 377 2150 discipliuae
394 2076 471 2149 eiua,
493 2096 563 2149 quos
584 2075 742 2133 adsalutem
757 2077 995 2152 cognoscendam,
1014 2077 1191 2152 sperandam,

221 2159 497 2234 consequendamque
513 2158 783 2226 redderetidoneos
836 2158 921 2232 Igitur
943 2178 999 2213 non
1021 2159 1108 2215 modo
1136 2158 1192 2216 illa·

222 2242 293 2316 psus
304 2244 370 2298 olim
389 2241 584 2312 Prophetarum
597 2260 622 2297 et
633 2238 834 2310 Apostolorum
851 2238 989 2295 mentibus
1001 2282 1008 2311 ,
1023 2238 1192 2312 sapientiam,

222 2345 251 2383 Vt
270 2324 380 2380 Paullus
402 2322 437 2378 ait
460 2342 470 2377 1
490 2325 546 2380 Cor.
561 2325 598 2385 rt,
615 2332 640 2389 8.
651 2321 708 2398 sqq.
727 2320 831 2398 (neque
850 2322 923 2378 enim
942 2323 970 2377 in
987 2321 1036 2376 illo
1058 2322 1121 2378 loco
1143 2322 1192 2380 ser·

225 2425 276 2462 mo
294 2405 330 2461 est
346 2405 379 2461 de
394 2403 449 2459 vita
461 2422 485 2459 et
497 2403 623 2459 felicitate
634 2402 741 2473 sutura,
757 2420 786 2460 vt
796 2402 969 2476 plerumque,
985 2400 1030 2458 sed
1045 2402 1139 2459 minus
1153 2422 1192 2462 re·

223 2486 283 2560 sle,
297 2484 476 2554 existimatur,
492 2483 552 2556 sed,
573 2501 600 2539 vt
613 2484 693 2541 docet
708 2500 763 2540 tota
781 2482 860 2542 series
880 2482 1025 2554 orationiS,
1039 2485 1074 2541 de
1092 2484 1193 2556 sapien-

221 2568 319 2639 tia‚⁷in
340 2565 490 2640 Euangelio
512 2563 669 2636 conspicua,
689 2583 750 2620 eam
771 2564 855 2639 igitur
866 2562 1033 2637 sapientiam,
1048 2586 1132 2638 quam
1151 2570 1194 2623 su-
1224 2635 1240 2640 ,ὓ

221 2652 353 2708 (saeorum
377 2648 514 2721 principes
536 2666 592 2702 non
613 2645 819 2710 intellexerunt,
847 2667 930 2720 qttam
960 2666 1044 2704 nemo
1069 2667 1202 2719 unquam¹

221 2733 321 2793 audiuit
331 2731 405 2806 apud
419 2729 502 2802 alios,
528 2747 611 2787 nemo
624 2728 732 2801 vspiam
743 2730 845 2803 reperit
860 2730 955 2789 intuta
969 2749 1063 2788 rerum
1083 2747 1194 2800 natura,

1107 2829 1192 2869 nemo
1252 2878 1255 2882 ,
