2526 3246
962 110 964 112 ’
1036 117 1109 179 ΝΗ

126 290 181 335 nae-
210 269 375 331 Christianae
417 264 575 335 tradebant,
618 260 665 320 sed
694 260 845 325 dodrinatn
876 264 1044 343 religioniss
1060 286 1111 346 per

125 360 380 439 interpretationem
415 366 564 410 accuratam
591 366 607 404 e
641 348 716 420 libris
738 354 823 409 Sacris
861 353 980 413 haustam
987 397 996 428 ‚
1020 354 1112 434 philo·

124 450 277 529 sophorum
318 456 397 497 more
437 434 600 518 tractabant,
641 451 671 493 vt
703 447 762 494 eam
796 437 837 494 via
871 458 899 498 et
916 445 1022 501 ratione
1052 458 1109 521 tra

110 538 221 608 fdcr‘e‘nt
254 525 426 587 volentibus;
468 538 549 598 atque
583 520 649 578 inde
675 521 723 581 illa
752 521 889 604 theologia
929 529 1104 605 Scholastica,

122 626 178 682 hoc
205 618 265 688 est‚'
288 611 412 671 subtilior
436 601 464 666 ei
489 608 624 691 eruditior
645 624 705 668 nata
730 611 782 680 est,
815 611 900 685 idque
924 630 1107 677 nomentum

122 723 153 787 ep
165 704 288 783 pluribus
302 696 574 776 deincepsseculisin
585 695 664 754 laude
677 695 746 769 suit,¹
759 712 790 755 vt
802 696 906 764 debuit,
926 698 986 756 sero
998 700 1109 783 demum

121 784 174 871 per
186 785 463 866 barbaramJinscitiam
479 786 629 862 linguarum
642 785 788 860 inquinata,
799 798 837 842 'et
850 786 882 842 ad
896 785 1026 847 inuidiam
1039 808 1106 847 con·

121 887 296 952 temtumque
315 893 392 946 eum,
419 873 448 928 in
467 891 524 947 quo
542 890 616 933 nunc
635 873 717 947 vulgo
735 874 914 954 nomenoius
933 875 984 939 est,
1001 867 1105 934 vocata.

121 965 167 1023 nd
183 966 235 1021 hos
250 964 333 1039 igitur
345 952 483 1038 Dodiores
498 978 555 1015 non
570 960 683 1015 iuuenes
696 976 724 1015 et
739 960 843 1016 tirones
856 959 944 1016 ibam:
967 960 1041 1037 supra
1054 982 1120 1037 eof¹

120 1071 182 1111 rum
197 1059 378 1126 captumerat
391 1046 500 1102 illorum
513 1045 660 1120 discipilum
686 1044 798 1105 sedviri
817 1047 868 1104 iam
900 1047 1033 1103 elementa
1056 1048 1104 1106 du·

119 1139 186 1197 dum
201 1135 390 1211 dediquiiam
404 1132 562 1189 muneribus
576 1132 604 1188 in
627 1130 740 1188 Ecclefia
759 1132 953 1208 iungerentur,
981 1151 1010 1191 vt
1027 1144 1105 1211 pres·

118 1225 212 1301 hyteri
227 1222 426 1297 etquicunque
445 1219 477 1275 ad
499 1219 621 1274 altiorem
639 1217 667 1272 in
684 1218 795 1274 Ecclesa
816 1219 928 1294 gradum
948 1222 1103 1295 peruenire„

118 1328 147 1369 et
161 1311 280 1367 omnino
299 1306 429 1365 Ecclesiae
452 1305 591 1360 doctrinae
609 1321 745 1360 accuratae
762 1305 910 1360 maioribus
930 1308 1017 1380 copiis
1032 1326 1102 1384 pro·¹

117 1396 189 1455 desse
204 1400 354 1470 cuperent.⁴
389 1393 491 1465 Neque
502 1390 539 1446 illi
558 1389 726 1445 Catechetae
745 1385 829 1450 iidem
854 1390 984 1447 Ecclesiae
1001 1393 1101 1460 doeio·

118 1502 162 1543 tes
188 1499 272 1540 erant.
317 1475 421 1536 Clemens
439 1476 553 1551 quidem
574 1493 602 1533 et
620 1477 758 1551 Origenes
772 1479 921 1553 presbyteri
935 1478 994 1536 sum
1006 1481 1101 1557 creati,

119 1570 164 1628 sed
182 1570 268 1626 hicne
277 1568 305 1623 in
318 1564 498 1622 Alexandrina
510 1562 623 1638 quidem
632 1562 761 1619 Ecclcfia:
782 1564 862 1621 nimis
872 1565 1031 1624 incidebant
1042 1569 1102 1626 eius

119 1656 260 1714 dodirinae
274 1670 302 1710 et
315 1653 429 1728 gloriae,
453 1667 481 1706 vt
500 1650 545 1721 fit,
565 1650 634 1706 illius
647 1649 778 1709 Ecclehae
792 1650 923 1714 ministri;
951 1672 1044 1711 verum
1064 1655 1099 1713 ab

117 1741 368 1817 Hierosolymitano
383 1736 535 1813 Episcopo,
555 1755 617 1793 cum
629 1735 664 1808 ibi
679 1736 839 1810 versaretur,
861 1740 974 1814 eiusque
998 1741 1098 1799 dochi-

116 1847 150 1886 na
164 1827 340 1898 sandlitasque
353 1823 416 1880 esset
429 1824 456 1877 in
470 1822 573 1893 oculis,
592 1821 646 1876 hoc
659 1821 765 1878 honore
777 1824 815 1878 est
827 1821 954 1896 affatim,
977 1826 1054 1900 quod
1068 1844 1098 1885 et

118 1914 174 1972 aliis
187 1914 318 1970 tributum
331 1909 377 1980 est,
397 1927 454 1964 non
469 1923 499 1963 vt
510 1908 538 1963 in
551 1906 657 1963 ecclesia
673 1907 816 1978 docerent,
835 1908 882 1965 scd
896 1928 925 1968 vt
938 1931 1034 1977 eorum
1047 1908 1097 1970 do·

118 2001 202 2059 diriua
221 2016 249 2055 et
266 1999 352 2054 virtus
373 2011 513 2051 ornaretur
532 2012 567 2047 eo
588 1994 710 2051 nomine.
763 1995 834 2073 Nam
853 1998 969 2054 omnino
987 1999 1097 2060 illorum

117 2085 362 2145 Ecclesiasticorum
376 2099 519 2137 munerum
535 2079 605 2135 ratio
618 2098 675 2134 non
698 2095 727 2134 vt
745 2098 833 2151 irunt,
856 2081 975 2159 proprie
987 2085 1020 2143 ad
1045 2088 1096 2144 do·

116 2174 198 2232 cendi
218 2188 316 2228 munus
336 2168 504 2246 pertinebat³
536 2182 564 2221 vt
581 2166 662 2240 vulgo
681 2166 839 2223 existumant.
893 2172 967 2227 Bene
987 2173 1095 2245 erat‚si

115 2258 332 2339 pollentdocere
344 2254 493 2332 populum:
513 2250 623 2309 sednon
634 2269 880 2332 poterantomrre53
904 2257 975 2313 vnde
988 2261 1096 2335 etpost*

116 2366 161 2418 ea5
185 2366 246 2404 cum
268 2345 318 2401 iam
341 2344 431 2419 plures
451 2339 547 2402 essent,
575 2340 621 2414 qui
643 2338 764 2415 pollent,
793 2341 821 2397 hi
838 2344 975 2421 parthesin-i
987 2345 1096 2402 aloilorer

115 2433 178 2492 sunt
193 2431 332 2509 appellati,
354 2447 382 2487 vt
395 2448 408 2484 a
423 2428 519 2485 ceteris
537 2425 775 2502 distinguerentur,
799 2430 845 2502 qui
861 2431 965 2487 tantum
979 2432 1094 2508 disciplie

115 2539 176 2577 nam
190 2517 320 2575 Ecclesiae
335 2532 362 2573 et
375 2533 485 2572 externa
498 2530 637 2584 curarent,
661 2513 695 2570 de
705 2533 763 2589 *quo
777 2534 877 2589 gerterc
891 2518 1026 2576 Dodwclli
1046 2532 1095 2575 ex·-

114 2624 154 2666 tat
175 2606 206 2661 ad
224 2604 394 2679 Cyprianum
419 2600 574 2677 disputatio,
595 2619 664 2673 quae
677 2599 711 2655 de
723 2600 876 2678 promptaria
897 2603 1032 2660 doslorldar
1053 2606 1095 2668 ina

114 2686 245 2753 scribitur.
260 2743 261 2746 ,
278 2688 401 2752 „Etenim
423 2706 502 2763 quam
520 2685 633 2760 dodina,
662 2706 742 2761 quarn
757 2688 874 2745 idoneor
887 2690 919 2745 ad
932 2689 1095 2756 docendum
1183 2740 1185 2742 ,

102 2790 104 2794 ’
113 2773 239 2858 putamus
255 2794 304 2833 eos
319 2776 493 2853 presbyteros
506 2771 595 2843 fuisse,
619 2773 665 2848 qui
684 2793 797 2850 repente
808 2774 867 2832 sarii
885 2775 968 2834 client
984 2800 998 2833 e
1012 2780 1093 2847 decue

114 2867 237 2923 tionibus
249 2862 433 2940 oppidorum,
456 2880 491 2918 ex
504 2862 595 2938 operis
608 2861 711 2932 nuileio,
734 2861 765 2918 ad
778 2862 832 2917 auti
848 2860 960 2941 lustralis*
971 2862 1096 2929 collatio-a

114 2970 179 3011 nem
197 2951 348 3025 vitandam,
370 2949 447 3027 quod
459 2948 589 3026 frequens
603 2947 658 3010 fuit
670 2950 732 3027 post
746 2948 920 3010 Constantini
933 2953 972 3013 M.
985 2970 1092 3032 tempor

1048 3046 1096 3107 aa?
