2526 3246
181 241 234 353 '24
537 261 600 350 sb
642 259 689 349 a.
727 262 796 350 att
845 345 846 349 a

187 409 288 491 possset
310 427 381 489 quae
400 407 505 469 scilieet
523 408 633 470 carebat
648 413 737 489 copiis
752 425 832 503 atpue
853 406 984 469 subhdiis'
996 409 1156 474 litterarum

184 495 389 570 hebraicarum,
410 513 580 570 graecarum,
602 488 811 573 latinarumque,
831 511 857 554 et
868 497 1002 553 sacrarum
1018 509 1045 551 et
1060 495 1148 552 eccle-

185 579 367 653 siasticarum,
393 594 474 658 atque
492 583 551 636 eius
570 579 636 636 loco
652 578 814 657 sequebatur
829 577 1023 657 Philosophiae
1039 576 1151 654 placita,⁴

184 678 255 723 etex
267 667 299 722 iis
311 679 390 721 acute
398 659 589 735 distinguebat,
601 680 715 740 remque
726 682 841 722 omnem
855 662 1009 737 dirimebat,
1021 674 1148 720 comme-

185 747 331 808 morandis
342 743 426 803 causis
439 747 531 802 omnis
543 748 660 819 generis
679 743 791 819 finibus
809 745 948 819 subiestis,
970 743 1094 820 obiee‘iis,
1121 760 1150 804 et

183 850 257 912 vquae
267 830 425 909 sequuntun
448 843 609 903 argumenta
619 847 687 887 vero
699 827 848 903 colligebat
858 829 1049 888 eversionibus
1060 827 1152 888 libro-¹

184 914 260 988 rum,
272 936 339 974 cum
349 914 513 972 diuinorum
522 927 584 971 tum
594 911 791 987 humanorum,
809 930 854 972 aut
866 934 880 970 e
890 928 968 971 textu
978 914 1148 987 authentico,

186 998 349 1061 adverbum
360 998 510 1071 conuerso,
534 1016 586 1055 nec
601 1016 636 1055 ex
651 997 850 1056 consuetudine
867 1000 976 1077 antiqua
993 995 1147 1060 intellestm

187 1088 308 1163 denique
336 1078 501 1140 adhaerebat
521 1077 649 1137 formulis
675 1081 875 1157 metaphoricis
899 1096 929 1139 et
952 1081 1087 1155 mysticis,
1118 1083 1147 1138 in

185 1173 276 1247 iisque
300 1169 404 1223 mirum
420 1167 449 1221 in
470 1163 591 1222 modum
606 1161 654 1221 sibi
670 1160 809 1240 placebat,
838 1179 865 1223 et
876 1168 981 1223 ieiunas
998 1165 1146 1242 disputatio

186 1272 234 1313 nes
250 1246 500 1325 abstrastionesque
514 1250 608 1305 inanes
623 1251 787 1321 nugaciores
808 1250 892 1306 etiam
907 1245 1025 1307 faciebat
1040 1263 1066 1306 et
1077 1249 1146 1306 insa-

185 1342 279 1397 niores
300 1331 391 1392 verbis
411 1329 532 1389 barbaris
551 1347 580 1389 et
600 1328 739 1398 obscuris;
760 1329 895 1405 breuiter,
919 1351 989 1411 quae
1011 1352 1069 1390 uon
1091 1347 1148 1391 erat

185 1417 360 1491 Theologim
378 1416 433 1488 sed,
452 1430 482 1473 vt
497 1436 706 1474 cauoourvs
725 1437 983 1475 nazsnuznnvs
999 1419 1044 1490 ait,
1065 1442 1148 1491 τεχνσ.

183 1510 275 1579 topia,
297 1516 324 1558 et
334 1518 408 1558 mera
423 1497 616 1576 philosbphia,
639 1498 764 1560 htamen
775 1500 874 1574 dignae
884 1500 945 1558 sinat
960 1500 1017 1558 hoc
1030 1505 1147 1557 nonnae

185 1589 411 1645 ratiocinationes
427 1587 534 1656 inanes,
556 1580 652 1641 asals'o
675 1587 812 1661 principio
829 1581 936 1642 dudae.
980 1579 1146 1660 Nee-'prose-

187 1668 235 1729 tbo
252 1688 305 1727 nos
321 1671 342 1725 ii
354 1668 459 1740 summ,
477 1670 526 1745 qui
541 1665 625 1724 talem
635 1666 844 1741 Theologiam‚
866 1686 949 1746 quam
965 1663 1159 1746 Tlteologt'nmv

176 1749 398 1837 fht‘utusntt'nnt
413 1750 549 1827 appellate
566 1749 644 1825 licet,
666 1749 818 1827 probemus
839 1766 867 1809 et
888 1748 1069 1808 defendamus
1088 1748 1145 1808 ullo

184 1836 290 1907 modu,
314 1850 362 1893 aut
376 1837 424 1914 qui
439 1835 627 1911 patrocinium
637 1832 841 1892 vocabulorum
855 1849 997 1892 certorum
1011 1834 1146 1911 suscipere

184 1937 212 1981 et
226 1919 330 1979 modos
344 1917 493 1999 loquendi,
521 1917 583 1994 post
598 1915 797 1977 controuersias
816 1933 889 1977 ratos
906 1932 934 1976 et
952 1917 1039 1992 fixos,
1066 1921 1146 1976 unice

186 2000 351 2074 defendere,
379 2018 426 2059 aut
446 2016 571 2075 argutum
586 1998 764 2060 subtilitatem
780 2001 921 2060 inlocum
937 1998 1146 2077 simplicissimae

184 2105 212 2148 et
233 2084 390 2145 fruduosae
410 2087 579 2158 cognitionis
600 2087 699 2162 reponi
718 2083 844 2144 velimus,
902 2085 955 2144 Sed
969 2083 1038 2143 ntud
1053 2086 1150 2144 tamen·

138 2176 140 2180 ⁴
184 2169 399 2231 concedendum
414 2169 465 2241 esi,
485 2167 678 2242 Theologianr
690 2166 803 2228 dodam
818 2184 846 2227 et
857 2169 1008 2242 eruditam,
1031 2167 1088 2227 hoc
1098 2169 1151 2242 est,

186 2273 258 2336 quac
269 2273 326 2311 non
341 2273 375 2310 ex
389 2250 575 2326 sysiematibus
590 2266 618 2311 et
632 2253 838 2332 compendiolis
853 2251 1054 2311 recentioribus
1064 2255 1144 2312 duci-

185 2357 240 2411 tur,
264 2337 309 2395 sed
322 2356 336 2393 e
347 2335 471 2395 sontibus
487 2338 627 2410 hauritur,
647 2338 706 2396 hoc
722 2337 773 2410 eh,
792 2341 916 2418 primum
931 2340 1091 2415 scripturis,
1114 2357 1145 2397 ae

186 2422 290 2483 deinde
304 2419 481 2498 scriptoribus
497 2424 625 2500 antiquis,
645 2425 750 2496 graecis
764 2436 791 2480 et
806 2420 906 2494 latinu,
926 2437 996 2500 quae
1010 2423 1154 2499 adspergit:

183 2507 288 2587 vbique
304 2503 508 2563 obseruationes
523 2505 677 2579 historicas,
699 2506 930 2579 hermentrudem,
953 2508 1075 2580 criticas,
1092 2505 1144 2563 est-

183 2612 238 2675 que
260 2590 333 2649 adeo
354 2586 535 2666 amplitudine
550 2592 722 2663 cognitionis
741 2587 996 2669 praefidiorumque
1015 2592 1145 2668 apparatu

184 2673 328 2748 instrusta²
357 2688 385 2731 et
402 2675 554 2731 niaximum
575 2688 681 2752 partem
698 2675 847 2746 historica,
871 2689 953 2752 atque
974 2675 1045 2733 adeo
1067 2674 1145 2732 sensu

183 2764 297 2839 antiquo
319 2758 494 2834 dogmatica,
528 2757 638 2835 qualem
659 2779 812 2819 Euuusrt
829 2756 979 2836 descripht,
1007 2755 1092 2818 Ptol.
1110 2755 1146 2815 de

186 2842 356 2922 Ybeologine
379 2842 534 2926 aptorum
557 2850 585 2901 et
611 2842 797 2923 tinguentium
819 2842 1034 2923 corraurgmam
1058 2835 1146 2924 arecas-

172 2931 286 3015 sttate;
310 2924 382 2987 hanc
397 2926 480 2990 talem
494 2928 579 3002 igitur
589 2925 783 3003 Theologiam
795 2925 849 2991 stne
865 2924 963 3001 iufigni
975 2926 1147 3070 detrimlcnto

1085 3022 1146 3068 ttte-
