<?xml version="1.0" encoding="UTF-8"?>
<!DOCTYPE html PUBLIC "-//W3C//DTD XHTML 1.0 Transitional//EN"
    "http://www.w3.org/TR/xhtml1/DTD/xhtml1-transitional.dtd">
<html xmlns="http://www.w3.org/1999/xhtml" xml:lang="en" lang="en">
 <head>
  <title>
</title>
<meta http-equiv="Content-Type" content="text/html;charset=utf-8" />
  <meta name='ocr-system' content='tesseract 3.04.00' />
  <meta name='ocr-capabilities' content='ocr_page ocr_carea ocr_par ocr_line ocrx_word'/>
</head>
<body>
  <div class='ocr_page' id='page_1' title='image "MN40374ucmf_0_0204.png"; bbox 0 0 2526 3246; ppageno 0'>
   <div class='ocr_carea' id='block_1_1' title="bbox 149 66 792 138">
    <p class='ocr_par' dir='ltr' id='par_1_1' title="bbox 149 64 792 138">
     <span class='ocr_line' id='line_1_1' title="bbox 149 66 792 138; baseline -0.003 0"><span class='ocrx_word' id='word_1_1' title='bbox 149 87 195 138; x_wconf 77' lang='lat' dir='ltr'>rm</span> <span class='ocrx_word' id='word_1_2' title='bbox 537 66 792 120; x_wconf 42' lang='lat'>&amp;³⁶⁸</span> 
     </span>
    </p>
   </div>
   <div class='ocr_carea' id='block_1_2' title="bbox 94 198 1258 2947">
    <p class='ocr_par' dir='ltr' id='par_1_2' title="bbox 94 198 1258 2879">
     <span class='ocr_line' id='line_1_2' title="bbox 153 198 1173 285; baseline -0.002 -19"><span class='ocrx_word' id='word_1_3' title='bbox 153 206 319 283; x_wconf 80' lang='lat' dir='ltr'>religiosum</span> <span class='ocrx_word' id='word_1_4' title='bbox 335 204 430 273; x_wconf 82' lang='lat' dir='ltr'>deberi</span> <span class='ocrx_word' id='word_1_5' title='bbox 447 220 507 261; x_wconf 88' lang='lat' dir='ltr'>non</span> <span class='ocrx_word' id='word_1_6' title='bbox 523 198 573 260; x_wconf 87' lang='lat' dir='ltr'>nifi</span> <span class='ocrx_word' id='word_1_7' title='bbox 595 220 664 261; x_wconf 84' lang='lat' dir='ltr'>vero</span> <span class='ocrx_word' id='word_1_8' title='bbox 682 215 710 259; x_wconf 87' lang='lat' dir='ltr'>et</span> <span class='ocrx_word' id='word_1_9' title='bbox 732 202 845 261; x_wconf 89' lang='lat' dir='ltr'>summo</span> <span class='ocrx_word' id='word_1_10' title='bbox 859 206 939 280; x_wconf 82' lang='lat' dir='ltr'>De0,</span> <span class='ocrx_word' id='word_1_11' title='bbox 964 207 1173 285; x_wconf 81' lang='lat' dir='ltr'>diuinitatisque</span> 
     </span>
     <span class='ocr_line' id='line_1_3' title="bbox 154 282 1172 361; baseline -0.001 -13"><span class='ocrx_word' id='word_1_12' title='bbox 154 291 281 348; x_wconf 86' lang='lat' dir='ltr'>summae</span> <span class='ocrx_word' id='word_1_13' title='bbox 294 300 391 345; x_wconf 89' lang='lat' dir='ltr'>notam</span> <span class='ocrx_word' id='word_1_14' title='bbox 402 282 465 355; x_wconf 80' lang='lat' dir='ltr'>esse,</span> <span class='ocrx_word' id='word_1_15' title='bbox 476 297 504 340; x_wconf 88' lang='lat' dir='ltr'>et</span> <span class='ocrx_word' id='word_1_16' title='bbox 514 303 557 342; x_wconf 89' lang='lat' dir='ltr'>res</span> <span class='ocrx_word' id='word_1_17' title='bbox 568 283 624 360; x_wconf 87' lang='lat' dir='ltr'>ipsa</span> <span class='ocrx_word' id='word_1_18' title='bbox 635 284 728 358; x_wconf 77' lang='lat' dir='ltr'>docet,</span> <span class='ocrx_word' id='word_1_19' title='bbox 739 297 766 340; x_wconf 90' lang='lat' dir='ltr'>et</span> <span class='ocrx_word' id='word_1_20' title='bbox 775 288 853 342; x_wconf 91' lang='lat' dir='ltr'>Deus</span> <span class='ocrx_word' id='word_1_21' title='bbox 863 283 970 361; x_wconf 90' lang='lat' dir='ltr'>saepius</span> <span class='ocrx_word' id='word_1_22' title='bbox 982 289 1053 346; x_wconf 83' lang='lat' dir='ltr'>dixit</span> <span class='ocrx_word' id='word_1_23' title='bbox 1063 293 1092 346; x_wconf 91' lang='lat' dir='ltr'>in</span> <span class='ocrx_word' id='word_1_24' title='bbox 1098 294 1134 347; x_wconf 89' lang='lat' dir='ltr'>T.</span> <span class='ocrx_word' id='word_1_25' title='bbox 1141 292 1172 347; x_wconf 87' lang='lat' dir='ltr'>V.</span> 
     </span>
     <span class='ocr_line' id='line_1_4' title="bbox 156 362 1175 448; baseline -0.002 -19"><span class='ocrx_word' id='word_1_26' title='bbox 156 368 286 428; x_wconf 83' lang='lat' dir='ltr'>aduersus</span> <span class='ocrx_word' id='word_1_27' title='bbox 297 366 415 424; x_wconf 87' lang='lat' dir='ltr'>ludaeos</span> <span class='ocrx_word' id='word_1_28' title='bbox 426 362 600 437; x_wconf 58' lang='lat' dir='ltr'>idololatras</span> <span class='ocrx_word' id='word_1_29' title='bbox 616 379 646 423; x_wconf 88' lang='lat' dir='ltr'>vt</span> <span class='ocrx_word' id='word_1_30' title='bbox 657 371 701 448; x_wconf 67' lang='lat' dir='ltr'>Ias</span> <span class='ocrx_word' id='word_1_31' title='bbox 710 369 798 429; x_wconf 86' lang='lat' dir='ltr'><em>XLII,</em></span> <span class='ocrx_word' id='word_1_32' title='bbox 811 377 835 434; x_wconf 85' lang='lat'>8.</span> <span class='ocrx_word' id='word_1_33' title='bbox 852 369 984 431; x_wconf 80' lang='lat' dir='ltr'><em>XLVIII,</em></span> <span class='ocrx_word' id='word_1_34' title='bbox 996 390 1040 427; x_wconf 73' lang='lat'>11,</span> <span class='ocrx_word' id='word_1_35' title='bbox 1054 370 1175 430; x_wconf 83' lang='lat' dir='ltr'>acChri·</span> 
     </span>
     <span class='ocr_line' id='line_1_5' title="bbox 154 446 1175 525; baseline 0.002 -17"><span class='ocrx_word' id='word_1_36' title='bbox 154 453 209 508; x_wconf 85' lang='lat' dir='ltr'>stus</span> <span class='ocrx_word' id='word_1_37' title='bbox 222 447 278 524; x_wconf 90' lang='lat' dir='ltr'>ipse</span> <span class='ocrx_word' id='word_1_38' title='bbox 288 461 470 524; x_wconf 89' lang='lat' dir='ltr'>praeceptum</span> <span class='ocrx_word' id='word_1_39' title='bbox 484 447 519 504; x_wconf 94' lang='lat' dir='ltr'>de</span> <span class='ocrx_word' id='word_1_40' title='bbox 529 452 593 505; x_wconf 89' lang='lat' dir='ltr'>Deo</span> <span class='ocrx_word' id='word_1_41' title='bbox 605 466 672 519; x_wconf 87' lang='lat' dir='ltr'>vno,</span> <span class='ocrx_word' id='word_1_42' title='bbox 683 446 848 525; x_wconf 85' lang='lat' dir='ltr'>eoquesolo</span> <span class='ocrx_word' id='word_1_43' title='bbox 859 446 980 506; x_wconf 90' lang='lat' dir='ltr'>colendo</span> <span class='ocrx_word' id='word_1_44' title='bbox 991 462 1019 505; x_wconf 92' lang='lat' dir='ltr'>et</span> <span class='ocrx_word' id='word_1_45' title='bbox 1030 450 1175 510; x_wconf 84' lang='lat' dir='ltr'>adorando</span> 
     </span>
     <span class='ocr_line' id='line_1_6' title="bbox 154 525 1175 606; baseline 0.003 -19"><span class='ocrx_word' id='word_1_46' title='bbox 154 528 316 587; x_wconf 85' lang='lat' dir='ltr'>inculcauit.</span> <span class='ocrx_word' id='word_1_47' title='bbox 359 533 394 586; x_wconf 88' lang='lat' dir='ltr'>Et</span> <span class='ocrx_word' id='word_1_48' title='bbox 404 528 451 586; x_wconf 89' lang='lat' dir='ltr'>hic</span> <span class='ocrx_word' id='word_1_49' title='bbox 460 527 508 587; x_wconf 85' lang='lat' dir='ltr'>fibi</span> <span class='ocrx_word' id='word_1_50' title='bbox 521 528 577 604; x_wconf 82' lang='lat' dir='ltr'>ipse</span> <span class='ocrx_word' id='word_1_51' title='bbox 589 525 686 585; x_wconf 79' lang='lat' dir='ltr'>tribuit</span> <span class='ocrx_word' id='word_1_52' title='bbox 698 527 805 586; x_wconf 89' lang='lat' dir='ltr'>cultum</span> <span class='ocrx_word' id='word_1_53' title='bbox 818 529 1001 588; x_wconf 83' lang='lat' dir='ltr'>adorationis!</span> <span class='ocrx_word' id='word_1_54' title='bbox 1029 528 1107 605; x_wconf 78' lang='lat' dir='ltr'>Quid</span> <span class='ocrx_word' id='word_1_55' title='bbox 1123 535 1175 606; x_wconf 85' lang='lat' dir='ltr'>igi·</span> 
     </span>
     <span class='ocr_line' id='line_1_7' title="bbox 152 608 1174 683; baseline 0.003 -16"><span class='ocrx_word' id='word_1_56' title='bbox 152 608 215 668; x_wconf 87' lang='lat' dir='ltr'>tur?</span> <span class='ocrx_word' id='word_1_57' title='bbox 236 608 369 669; x_wconf 72' lang='lat' dir='ltr'>Proledlo</span> <span class='ocrx_word' id='word_1_58' title='bbox 385 608 433 668; x_wconf 88' lang='lat' dir='ltr'>nifi</span> <span class='ocrx_word' id='word_1_59' title='bbox 448 609 536 668; x_wconf 78' lang='lat' dir='ltr'>Iel&#39;um</span> <span class='ocrx_word' id='word_1_60' title='bbox 549 614 643 666; x_wconf 88' lang='lat' dir='ltr'>Deum</span> <span class='ocrx_word' id='word_1_61' title='bbox 659 609 712 666; x_wconf 80' lang='lat' dir='ltr'>elic</span> <span class='ocrx_word' id='word_1_62' title='bbox 723 610 927 683; x_wconf 80' lang='lat' dir='ltr'>concedamus,</span> <span class='ocrx_word' id='word_1_63' title='bbox 947 610 1040 669; x_wconf 91' lang='lat' dir='ltr'>nullus</span> <span class='ocrx_word' id='word_1_64' title='bbox 1053 615 1174 670; x_wconf 86' lang='lat' dir='ltr'>omniuo</span> 
     </span>
     <span class='ocr_line' id='line_1_8' title="bbox 94 688 1207 751; baseline 0 -1"><span class='ocrx_word' id='word_1_65' title='bbox 94 735 97 741; x_wconf 37' lang='lat' dir='ltr'><em>f</em></span> <span class='ocrx_word' id='word_1_66' title='bbox 152 696 233 751; x_wconf 87' lang='lat' dir='ltr'>Deus</span> <span class='ocrx_word' id='word_1_67' title='bbox 245 692 406 750; x_wconf 86' lang='lat' dir='ltr'>statuendus</span> <span class='ocrx_word' id='word_1_68' title='bbox 418 689 513 747; x_wconf 80' lang='lat' dir='ltr'>fuerit!</span> <span class='ocrx_word' id='word_1_69' title='bbox 541 689 594 746; x_wconf 89' lang='lat' dir='ltr'>Sed</span> <span class='ocrx_word' id='word_1_70' title='bbox 605 689 684 747; x_wconf 89' lang='lat' dir='ltr'>hunc</span> <span class='ocrx_word' id='word_1_71' title='bbox 695 688 791 748; x_wconf 89' lang='lat' dir='ltr'>locum</span> <span class='ocrx_word' id='word_1_72' title='bbox 803 692 973 749; x_wconf 77' lang='lat' dir='ltr'>exinstituto</span> <span class='ocrx_word' id='word_1_73' title='bbox 986 690 1175 750; x_wconf 67' lang='lat' dir='ltr'>tradauitnu-</span> <span class='ocrx_word' id='word_1_74' title='bbox 1206 707 1207 710; x_wconf 75' lang='grc'>’</span> 
     </span>
     <span class='ocr_line' id='line_1_9' title="bbox 154 769 1174 850; baseline -0.001 -18"><span class='ocrx_word' id='word_1_75' title='bbox 154 793 205 850; x_wconf 86' lang='lat' dir='ltr'>per</span> <span class='ocrx_word' id='word_1_76' title='bbox 226 790 488 842; x_wconf 77' lang='lat' dir='ltr'><strong>THALEMANNVS‚</strong></span> <span class='ocrx_word' id='word_1_77' title='bbox 510 769 586 846; x_wconf 83' lang='lat' dir='ltr'>(heu</span> <span class='ocrx_word' id='word_1_78' title='bbox 604 772 709 828; x_wconf 84' lang='lat' dir='ltr'>vtinam</span> <span class='ocrx_word' id='word_1_79' title='bbox 725 770 817 828; x_wconf 90' lang='lat' dir='ltr'>adhuc</span> <span class='ocrx_word' id='word_1_80' title='bbox 832 773 969 845; x_wconf 85' lang='lat' dir='ltr'>viueretl)</span> <span class='ocrx_word' id='word_1_81' title='bbox 996 776 1026 830; x_wconf 90' lang='lat' dir='ltr'>in</span> <span class='ocrx_word' id='word_1_82' title='bbox 1039 773 1174 850; x_wconf 71' lang='lat' dir='ltr'>peculiari</span> 
     </span>
     <span class='ocr_line' id='line_1_10' title="bbox 153 848 1173 917; baseline -0.004 0"><span class='ocrx_word' id='word_1_83' title='bbox 153 853 261 917; x_wconf 88' lang='lat' dir='ltr'>libello.</span> <span class='ocrx_word' id='word_1_84' title='bbox 302 859 409 911; x_wconf 87' lang='lat' dir='ltr'>Verum</span> <span class='ocrx_word' id='word_1_85' title='bbox 421 852 484 909; x_wconf 82' lang='lat' dir='ltr'>sunt</span> <span class='ocrx_word' id='word_1_86' title='bbox 497 853 526 908; x_wconf 92' lang='lat' dir='ltr'>in</span> <span class='ocrx_word' id='word_1_87' title='bbox 538 851 641 909; x_wconf 88' lang='lat' dir='ltr'>eodem</span> <span class='ocrx_word' id='word_1_88' title='bbox 652 848 719 907; x_wconf 92' lang='lat' dir='ltr'>loco</span> <span class='ocrx_word' id='word_1_89' title='bbox 731 853 815 909; x_wconf 90' lang='lat' dir='ltr'>etiam</span> <span class='ocrx_word' id='word_1_90' title='bbox 828 851 878 908; x_wconf 88' lang='lat' dir='ltr'>alia</span> <span class='ocrx_word' id='word_1_91' title='bbox 895 853 1007 910; x_wconf 87' lang='lat' dir='ltr'>diuinae</span> <span class='ocrx_word' id='word_1_92' title='bbox 1027 855 1173 913; x_wconf 84' lang='lat' dir='ltr'>maiestatis</span> 
     </span>
     <span class='ocr_line' id='line_1_11' title="bbox 154 931 1174 1013; baseline 0 -19"><span class='ocrx_word' id='word_1_93' title='bbox 154 934 217 1000; x_wconf 86' lang='lat' dir='ltr'>lesu</span> <span class='ocrx_word' id='word_1_94' title='bbox 235 942 421 1010; x_wconf 75' lang='lat' dir='ltr'>argumenta,v</span> <span class='ocrx_word' id='word_1_95' title='bbox 435 952 494 992; x_wconf 91' lang='lat' dir='ltr'>non</span> <span class='ocrx_word' id='word_1_96' title='bbox 511 935 605 990; x_wconf 91' lang='lat' dir='ltr'>minus</span> <span class='ocrx_word' id='word_1_97' title='bbox 621 944 694 989; x_wconf 87' lang='lat' dir='ltr'>certa</span> <span class='ocrx_word' id='word_1_98' title='bbox 709 950 740 988; x_wconf 91' lang='lat' dir='ltr'>ac</span> <span class='ocrx_word' id='word_1_99' title='bbox 754 931 904 1008; x_wconf 82' lang='lat' dir='ltr'>perspicua.</span> <span class='ocrx_word' id='word_1_100' title='bbox 946 931 1041 991; x_wconf 86' lang='lat' dir='ltr'>Veluti</span> <span class='ocrx_word' id='word_1_101' title='bbox 1060 934 1174 1013; x_wconf 85' lang='lat' dir='ltr'>quando</span> 
     </span>
     <span class='ocr_line' id='line_1_12' title="bbox 154 1012 1173 1094; baseline -0.001 -20"><span class='ocrx_word' id='word_1_102' title='bbox 154 1017 214 1094; x_wconf 79' lang='lat' dir='ltr'>ipse</span> <span class='ocrx_word' id='word_1_103' title='bbox 230 1017 258 1074; x_wconf 91' lang='lat' dir='ltr'>se</span> <span class='ocrx_word' id='word_1_104' title='bbox 274 1016 375 1074; x_wconf 88' lang='lat' dir='ltr'>Filium</span> <span class='ocrx_word' id='word_1_105' title='bbox 386 1018 440 1073; x_wconf 90' lang='lat' dir='ltr'>Dei</span> <span class='ocrx_word' id='word_1_106' title='bbox 456 1012 605 1091; x_wconf 89' lang='lat' dir='ltr'>appellauit</span> <span class='ocrx_word' id='word_1_107' title='bbox 621 1037 644 1071; x_wconf 81' lang='lat' dir='ltr'>a.</span> <span class='ocrx_word' id='word_1_108' title='bbox 658 1036 705 1089; x_wconf 83' lang='lat'>25·</span> <span class='ocrx_word' id='word_1_109' title='bbox 722 1025 750 1070; x_wconf 86' lang='lat' dir='ltr'>et</span> <span class='ocrx_word' id='word_1_110' title='bbox 761 1027 819 1091; x_wconf 88' lang='lat' dir='ltr'>quo</span> <span class='ocrx_word' id='word_1_111' title='bbox 833 1012 913 1076; x_wconf 88' lang='lat' dir='ltr'>sensu</span> <span class='ocrx_word' id='word_1_112' title='bbox 925 1013 982 1073; x_wconf 90' lang='lat' dir='ltr'>hoc</span> <span class='ocrx_word' id='word_1_113' title='bbox 995 1013 1173 1088; x_wconf 73' lang='lat' dir='ltr'><strong>intellexerit,</strong></span> 
     </span>
     <span class='ocr_line' id='line_1_13' title="bbox 153 1094 1173 1175; baseline -0.002 -20"><span class='ocrx_word' id='word_1_114' title='bbox 153 1098 212 1175; x_wconf 80' lang='lat' dir='ltr'>ipse</span> <span class='ocrx_word' id='word_1_115' title='bbox 225 1096 325 1156; x_wconf 87' lang='lat' dir='ltr'>docuit</span> <span class='ocrx_word' id='word_1_116' title='bbox 343 1118 396 1174; x_wconf 80' lang='lat' dir='ltr'>cap.</span> <span class='ocrx_word' id='word_1_117' title='bbox 407 1101 459 1161; x_wconf 90' lang='lat' dir='ltr'><em>III,</em></span> <span class='ocrx_word' id='word_1_118' title='bbox 477 1109 519 1154; x_wconf 82' lang='lat' dir='ltr'>ro.</span> <span class='ocrx_word' id='word_1_119' title='bbox 535 1094 582 1153; x_wconf 83' lang='lat' dir='ltr'>vbi</span> <span class='ocrx_word' id='word_1_120' title='bbox 593 1094 620 1152; x_wconf 86' lang='lat' dir='ltr'>se</span> <span class='ocrx_word' id='word_1_121' title='bbox 631 1096 748 1153; x_wconf 88' lang='lat' dir='ltr'>vocauit</span> <span class='ocrx_word' id='word_1_122' title='bbox 762 1096 806 1149; x_wconf 72' lang='lat' dir='ltr'>aa</span> <span class='ocrx_word' id='word_1_123' title='bbox 819 1099 943 1166; x_wconf 71' lang='grc' dir='ltr'>μονογενῆ·</span> <span class='ocrx_word' id='word_1_124' title='bbox 963 1094 1010 1153; x_wconf 88' lang='lat' dir='ltr'>sed</span> <span class='ocrx_word' id='word_1_125' title='bbox 1021 1098 1066 1159; x_wconf 63' lang='lat' dir='ltr'>dic</span> <span class='ocrx_word' id='word_1_126' title='bbox 1075 1118 1173 1169; x_wconf 69' lang='grc' dir='ltr'>μονογε-</span> 
     </span>
     <span class='ocr_line' id='line_1_14' title="bbox 145 1174 1171 1255; baseline 0.006 -23"><span class='ocrx_word' id='word_1_127' title='bbox 145 1182 191 1240; x_wconf 69' lang='lat' dir='ltr'>at&#39;s</span> <span class='ocrx_word' id='word_1_128' title='bbox 207 1177 289 1255; x_wconf 89' lang='lat' dir='ltr'>plane</span> <span class='ocrx_word' id='word_1_129' title='bbox 301 1180 459 1254; x_wconf 88' lang='lat' dir='ltr'>opponitur</span> <span class='ocrx_word' id='word_1_130' title='bbox 474 1182 507 1246; x_wconf 77' lang='grc' dir='ltr'>τῷ</span> <span class='ocrx_word' id='word_1_131' title='bbox 521 1176 599 1248; x_wconf 65' lang='lat' dir='ltr'>9er,</span> <span class='ocrx_word' id='word_1_132' title='bbox 619 1178 741 1253; x_wconf 79' lang='lat' dir='ltr'>adoptiao.</span> <span class='ocrx_word' id='word_1_133' title='bbox 782 1176 893 1234; x_wconf 81' lang='lat' dir='ltr'>Deinde</span> <span class='ocrx_word' id='word_1_134' title='bbox 906 1174 955 1234; x_wconf 88' lang='lat' dir='ltr'>fibi</span> <span class='ocrx_word' id='word_1_135' title='bbox 965 1176 1086 1243; x_wconf 87' lang='lat' dir='ltr'>vindicat</span> <span class='ocrx_word' id='word_1_136' title='bbox 1097 1197 1171 1255; x_wconf 87' lang='lat' dir='ltr'>opus</span> 
     </span>
     <span class='ocr_line' id='line_1_15' title="bbox 151 1255 1174 1338; baseline 0.002 -22"><span class='ocrx_word' id='word_1_137' title='bbox 151 1259 250 1323; x_wconf 84' lang='lat' dir='ltr'>iudicii</span> <span class='ocrx_word' id='word_1_138' title='bbox 266 1257 360 1315; x_wconf 80' lang='lat' dir='ltr'>ultimi</span> <span class='ocrx_word' id='word_1_139' title='bbox 371 1255 480 1314; x_wconf 81' lang='lat' dir='ltr'>ferendi</span> <span class='ocrx_word' id='word_1_140' title='bbox 496 1271 524 1314; x_wconf 89' lang='lat' dir='ltr'>et</span> <span class='ocrx_word' id='word_1_141' title='bbox 537 1255 670 1314; x_wconf 92' lang='lat' dir='ltr'>homines</span> <span class='ocrx_word' id='word_1_142' title='bbox 685 1258 832 1314; x_wconf 86' lang='lat' dir='ltr'>amortuis</span> <span class='ocrx_word' id='word_1_143' title='bbox 842 1256 1008 1323; x_wconf 83' lang='lat' dir='ltr'>reuocandi3</span> <span class='ocrx_word' id='word_1_144' title='bbox 1029 1260 1114 1338; x_wconf 89' lang='lat' dir='ltr'>idque</span> <span class='ocrx_word' id='word_1_145' title='bbox 1124 1258 1174 1318; x_wconf 83' lang='lat' dir='ltr'>fibi</span> 
     </span>
     <span class='ocr_line' id='line_1_16' title="bbox 150 1337 1173 1420; baseline -0.001 -21"><span class='ocrx_word' id='word_1_146' title='bbox 150 1340 271 1404; x_wconf 78' lang='lat' dir='ltr'>affirmat</span> <span class='ocrx_word' id='word_1_147' title='bbox 282 1341 436 1397; x_wconf 87' lang='lat' dir='ltr'>conuenire</span> <span class='ocrx_word' id='word_1_148' title='bbox 447 1358 513 1396; x_wconf 91' lang='lat' dir='ltr'>cum</span> <span class='ocrx_word' id='word_1_149' title='bbox 524 1351 640 1415; x_wconf 86' lang='lat' dir='ltr'>propter</span> <span class='ocrx_word' id='word_1_150' title='bbox 651 1350 779 1396; x_wconf 90' lang='lat' dir='ltr'>naturam</span> <span class='ocrx_word' id='word_1_151' title='bbox 789 1337 880 1405; x_wconf 80' lang='lat' dir='ltr'>suam3</span> <span class='ocrx_word' id='word_1_152' title='bbox 896 1358 962 1396; x_wconf 88' lang='lat' dir='ltr'>nam</span> <span class='ocrx_word' id='word_1_153' title='bbox 971 1342 1059 1405; x_wconf 64' lang='lat' dir='ltr'>matu,</span> <span class='ocrx_word' id='word_1_154' title='bbox 1071 1342 1173 1420; x_wconf 84' lang='lat' dir='ltr'>inquit,</span> 
     </span>
     <span class='ocr_line' id='line_1_17' title="bbox 152 1415 1172 1498; baseline 0.001 -19"><span class='ocrx_word' id='word_1_155' title='bbox 152 1426 223 1488; x_wconf 65' lang='lat' dir='ltr'>findet</span> <span class='ocrx_word' id='word_1_156' title='bbox 236 1422 296 1493; x_wconf 65' lang='lat' dir='ltr'>{otia</span> <span class='ocrx_word' id='word_1_157' title='bbox 308 1423 329 1475; x_wconf 87' lang='grc' dir='ltr'>ἐν</span> <span class='ocrx_word' id='word_1_158' title='bbox 340 1421 430 1492; x_wconf 72' lang='grc' dir='ltr'><em>ἑαυτῷ,</em></span> <span class='ocrx_word' id='word_1_159' title='bbox 452 1423 469 1479; x_wconf 79' lang='lat' dir='ltr'>i.</span> <span class='ocrx_word' id='word_1_160' title='bbox 484 1440 507 1477; x_wconf 89' lang='lat' dir='ltr'>e.</span> <span class='ocrx_word' id='word_1_161' title='bbox 522 1426 571 1477; x_wconf 77' lang='lat' dir='ltr'>aim</span> <span class='ocrx_word' id='word_1_162' title='bbox 578 1420 767 1497; x_wconf 74' lang='lat' dir='ltr'>facultatemque</span> <span class='ocrx_word' id='word_1_163' title='bbox 781 1415 921 1479; x_wconf 69' lang='lat' dir='ltr'>tribuendae</span> <span class='ocrx_word' id='word_1_164' title='bbox 931 1428 993 1479; x_wconf 76' lang='lat' dir='ltr'>attae</span> <span class='ocrx_word' id='word_1_165' title='bbox 1002 1445 1048 1498; x_wconf 83' lang='lat' dir='ltr'>per</span> <span class='ocrx_word' id='word_1_166' title='bbox 1058 1436 1172 1482; x_wconf 73' lang='lat' dir='ltr'>untertana</span> 
     </span>
     <span class='ocr_line' id='line_1_18' title="bbox 147 1500 1173 1593; baseline -0.003 -31"><span class='ocrx_word' id='word_1_167' title='bbox 147 1515 218 1593; x_wconf 61' lang='lat' dir='ltr'>fitam</span> <span class='ocrx_word' id='word_1_168' title='bbox 224 1528 234 1565; x_wconf 86' lang='lat'><em>;</em></span> <span class='ocrx_word' id='word_1_169' title='bbox 249 1516 311 1560; x_wconf 92' lang='lat' dir='ltr'>tum</span> <span class='ocrx_word' id='word_1_170' title='bbox 322 1500 370 1571; x_wconf 80' lang='lat' dir='ltr'>fibi</span> <span class='ocrx_word' id='word_1_171' title='bbox 381 1501 525 1578; x_wconf 85' lang='lat' dir='ltr'>speciatim</span> <span class='ocrx_word' id='word_1_172' title='bbox 534 1500 668 1559; x_wconf 90' lang='lat' dir='ltr'>traditum</span> <span class='ocrx_word' id='word_1_173' title='bbox 680 1514 709 1557; x_wconf 89' lang='lat' dir='ltr'>et</span> <span class='ocrx_word' id='word_1_174' title='bbox 721 1500 884 1576; x_wconf 82' lang='lat' dir='ltr'>permilium</span> <span class='ocrx_word' id='word_1_175' title='bbox 895 1500 948 1558; x_wconf 81' lang='lat' dir='ltr'>elle</span> <span class='ocrx_word' id='word_1_176' title='bbox 959 1522 974 1560; x_wconf 97' lang='lat' dir='ltr'>a</span> <span class='ocrx_word' id='word_1_177' title='bbox 985 1506 1072 1576; x_wconf 81' lang='lat' dir='ltr'>Patre,</span> <span class='ocrx_word' id='word_1_178' title='bbox 1083 1504 1117 1558; x_wconf 77' lang='grc' dir='ltr'>ὅτι</span> <span class='ocrx_word' id='word_1_179' title='bbox 1126 1504 1173 1566; x_wconf 66' lang='lat' dir='ltr'>Iria</span> 
     </span>
     <span class='ocr_line' id='line_1_19' title="bbox 143 1582 1172 1660; baseline 0.002 -18"><span class='ocrx_word' id='word_1_180' title='bbox 143 1582 282 1660; x_wconf 61' lang='grc' dir='ltr'>’ἀνθρώπου</span> <span class='ocrx_word' id='word_1_181' title='bbox 292 1587 345 1656; x_wconf 67' lang='lat' dir='ltr'>isla,</span> <span class='ocrx_word' id='word_1_182' title='bbox 356 1591 469 1660; x_wconf 77' lang='lat' dir='ltr'>qatoat&#39;aeu</span> <span class='ocrx_word' id='word_1_183' title='bbox 480 1586 530 1659; x_wconf 77' lang='lat' dir='ltr'>effei</span> <span class='ocrx_word' id='word_1_184' title='bbox 538 1587 635 1640; x_wconf 69' lang='lat' dir='ltr'>decucurri</span> <span class='ocrx_word' id='word_1_185' title='bbox 640 1589 736 1657; x_wconf 71' lang='lat' dir='ltr'>gauro</span> <span class='ocrx_word' id='word_1_186' title='bbox 745 1583 871 1642; x_wconf 78' lang='lat' dir='ltr'>Seatraior.</span> <span class='ocrx_word' id='word_1_187' title='bbox 899 1585 1053 1642; x_wconf 79' lang='lat' dir='ltr'>Enimuero</span> <span class='ocrx_word' id='word_1_188' title='bbox 1064 1600 1172 1644; x_wconf 79' lang='lat' dir='ltr'>Vtrum-</span> 
     </span>
     <span class='ocr_line' id='line_1_20' title="bbox 153 1662 1170 1753; baseline 0.001 -29"><span class='ocrx_word' id='word_1_189' title='bbox 153 1687 210 1753; x_wconf 83' lang='lat' dir='ltr'>que</span> <span class='ocrx_word' id='word_1_190' title='bbox 223 1685 296 1742; x_wconf 88' lang='lat' dir='ltr'>opus</span> <span class='ocrx_word' id='word_1_191' title='bbox 308 1665 346 1721; x_wconf 81' lang='lat' dir='ltr'>est</span> <span class='ocrx_word' id='word_1_192' title='bbox 357 1662 438 1739; x_wconf 88' lang='lat' dir='ltr'>plane</span> <span class='ocrx_word' id='word_1_193' title='bbox 450 1665 580 1721; x_wconf 89' lang='lat' dir='ltr'>diuinum</span> <span class='ocrx_word' id='word_1_194' title='bbox 590 1677 617 1719; x_wconf 94' lang='lat' dir='ltr'>et</span> <span class='ocrx_word' id='word_1_195' title='bbox 629 1665 762 1719; x_wconf 84' lang='lat' dir='ltr'>creationi</span> <span class='ocrx_word' id='word_1_196' title='bbox 773 1682 835 1738; x_wconf 80' lang='lat' dir='ltr'>par&gt;</span> <span class='ocrx_word' id='word_1_197' title='bbox 852 1683 904 1720; x_wconf 91' lang='lat' dir='ltr'>nec</span> <span class='ocrx_word' id='word_1_198' title='bbox 913 1663 999 1721; x_wconf 89' lang='lat' dir='ltr'>tribui</span> <span class='ocrx_word' id='word_1_199' title='bbox 1009 1667 1108 1742; x_wconf 84' lang='lat' dir='ltr'>potest,</span> <span class='ocrx_word' id='word_1_200' title='bbox 1120 1667 1170 1727; x_wconf 73' lang='lat' dir='ltr'>nist</span> 
     </span>
     <span class='ocr_line' id='line_1_21' title="bbox 152 1742 1171 1826; baseline -0.005 -14"><span class='ocrx_word' id='word_1_201' title='bbox 152 1748 316 1812; x_wconf 72' lang='lat' dir='ltr'>creatoriet</span> <span class='ocrx_word' id='word_1_202' title='bbox 329 1746 450 1803; x_wconf 87' lang='lat' dir='ltr'>domino</span> <span class='ocrx_word' id='word_1_203' title='bbox 465 1743 632 1816; x_wconf 83' lang='lat' dir='ltr'>hominum,</span> <span class='ocrx_word' id='word_1_204' title='bbox 653 1742 865 1820; x_wconf 73' lang='lat' dir='ltr'>vindicatusque</span> <span class='ocrx_word' id='word_1_205' title='bbox 880 1748 945 1802; x_wconf 91' lang='lat' dir='ltr'>Deo</span> <span class='ocrx_word' id='word_1_206' title='bbox 960 1742 1025 1804; x_wconf 83' lang='lat' dir='ltr'>alias</span> <span class='ocrx_word' id='word_1_207' title='bbox 1039 1762 1171 1826; x_wconf 86' lang='lat' dir='ltr'>tanquam</span> 
     </span>
     <span class='ocr_line' id='line_1_22' title="bbox 149 1822 1170 1910; baseline 0.004 -25"><span class='ocrx_word' id='word_1_208' title='bbox 149 1840 348 1910; x_wconf 70' lang='lat' dir='ltr'>argumentum</span> <span class='ocrx_word' id='word_1_209' title='bbox 360 1827 418 1882; x_wconf 87' lang='lat' dir='ltr'>veri</span> <span class='ocrx_word' id='word_1_210' title='bbox 431 1838 460 1882; x_wconf 88' lang='lat' dir='ltr'>et</span> <span class='ocrx_word' id='word_1_211' title='bbox 468 1824 571 1882; x_wconf 79' lang='lat' dir='ltr'>Iurrmri</span> <span class='ocrx_word' id='word_1_212' title='bbox 582 1827 644 1881; x_wconf 88' lang='lat' dir='ltr'>Dei.</span> <span class='ocrx_word' id='word_1_213' title='bbox 681 1827 769 1890; x_wconf 81' lang='lat' dir='ltr'>Porro</span> <span class='ocrx_word' id='word_1_214' title='bbox 782 1822 905 1882; x_wconf 86' lang='lat' dir='ltr'>notabile</span> <span class='ocrx_word' id='word_1_215' title='bbox 917 1827 955 1883; x_wconf 85' lang='lat' dir='ltr'>est</span> <span class='ocrx_word' id='word_1_216' title='bbox 965 1823 1044 1900; x_wconf 78' lang='lat' dir='ltr'>illud,</span> <span class='ocrx_word' id='word_1_217' title='bbox 1056 1831 1170 1906; x_wconf 81' lang='lat' dir='ltr'>quando</span> 
     </span>
     <span class='ocr_line' id='line_1_23' title="bbox 150 1902 1172 1985; baseline 0.001 -18"><span class='ocrx_word' id='word_1_218' title='bbox 150 1922 283 1975; x_wconf 77' lang='lat' dir='ltr'>seruator</span> <span class='ocrx_word' id='word_1_219' title='bbox 292 1911 322 1965; x_wconf 92' lang='lat' dir='ltr'>in</span> <span class='ocrx_word' id='word_1_220' title='bbox 332 1908 385 1980; x_wconf 72' lang='lat' dir='ltr'>hac</span> <span class='ocrx_word' id='word_1_221' title='bbox 397 1919 424 1963; x_wconf 88' lang='lat' dir='ltr'>et</span> <span class='ocrx_word' id='word_1_222' title='bbox 432 1906 548 1985; x_wconf 80' lang='lat' dir='ltr'>reliquis</span> <span class='ocrx_word' id='word_1_223' title='bbox 558 1902 793 1980; x_wconf 83' lang='lat' dir='ltr'>disputationibus</span> <span class='ocrx_word' id='word_1_224' title='bbox 805 1925 870 1963; x_wconf 90' lang='lat' dir='ltr'>cum</span> <span class='ocrx_word' id='word_1_225' title='bbox 880 1906 1090 1968; x_wconf 86' lang='lat' dir='ltr'>IudaeisDeum</span> <span class='ocrx_word' id='word_1_226' title='bbox 1100 1911 1172 1968; x_wconf 87' lang='lat' dir='ltr'>sem-</span> 
     </span>
     <span class='ocr_line' id='line_1_24' title="bbox 150 1986 1186 2075; baseline -0.005 -27"><span class='ocrx_word' id='word_1_227' title='bbox 150 2017 201 2075; x_wconf 83' lang='lat' dir='ltr'>per</span> <span class='ocrx_word' id='word_1_228' title='bbox 216 1991 333 2048; x_wconf 78' lang='lat' dir='ltr'>vccauit</span> <span class='ocrx_word' id='word_1_229' title='bbox 346 1994 454 2045; x_wconf 84' lang='lat' dir='ltr'>Patrem</span> <span class='ocrx_word' id='word_1_230' title='bbox 468 1986 566 2057; x_wconf 79' lang='lat' dir='ltr'>sturm,</span> <span class='ocrx_word' id='word_1_231' title='bbox 589 1999 618 2041; x_wconf 83' lang='lat' dir='ltr'>vt</span> <span class='ocrx_word' id='word_1_232' title='bbox 634 1991 666 2048; x_wconf 88' lang='lat' dir='ltr'>V,</span> <span class='ocrx_word' id='word_1_233' title='bbox 684 2008 724 2058; x_wconf 83' lang='lat'>¹7·</span> <span class='ocrx_word' id='word_1_234' title='bbox 745 1990 824 2048; x_wconf 85' lang='lat' dir='ltr'><em>VIII,</em></span> <span class='ocrx_word' id='word_1_235' title='bbox 834 2008 883 2063; x_wconf 77' lang='lat'>49.</span> <span class='ocrx_word' id='word_1_236' title='bbox 900 1991 933 2050; x_wconf 86' lang='lat' dir='ltr'>X,</span> <span class='ocrx_word' id='word_1_237' title='bbox 945 1993 1057 2071; x_wconf 71' lang='lat' dir='ltr'>29.spq.</span> <span class='ocrx_word' id='word_1_238' title='bbox 1097 1996 1186 2053; x_wconf 77' lang='lat' dir='ltr'>Nam-</span> 
     </span>
     <span class='ocr_line' id='line_1_25' title="bbox 149 2065 1170 2146; baseline 0.002 -17"><span class='ocrx_word' id='word_1_239' title='bbox 149 2082 188 2137; x_wconf 74' lang='lat' dir='ltr'>ita</span> <span class='ocrx_word' id='word_1_240' title='bbox 204 2069 303 2129; x_wconf 80' lang='lat' dir='ltr'>dixilie</span> <span class='ocrx_word' id='word_1_241' title='bbox 319 2067 398 2125; x_wconf 87' lang='lat' dir='ltr'>sensu</span> <span class='ocrx_word' id='word_1_242' title='bbox 416 2066 498 2143; x_wconf 88' lang='lat' dir='ltr'>plane</span> <span class='ocrx_word' id='word_1_243' title='bbox 513 2065 646 2143; x_wconf 78' lang='lat' dir='ltr'>peculiari</span> <span class='ocrx_word' id='word_1_244' title='bbox 662 2079 690 2122; x_wconf 91' lang='lat' dir='ltr'>et</span> <span class='ocrx_word' id='word_1_245' title='bbox 705 2069 838 2141; x_wconf 82' lang='lat' dir='ltr'>propriu,</span> <span class='ocrx_word' id='word_1_246' title='bbox 861 2086 920 2124; x_wconf 91' lang='lat' dir='ltr'>non</span> <span class='ocrx_word' id='word_1_247' title='bbox 936 2080 993 2146; x_wconf 88' lang='lat' dir='ltr'>quo</span> <span class='ocrx_word' id='word_1_248' title='bbox 1011 2090 1063 2129; x_wconf 87' lang='lat' dir='ltr'>nos</span> <span class='ocrx_word' id='word_1_249' title='bbox 1073 2077 1170 2132; x_wconf 84' lang='lat' dir='ltr'>Deum</span> 
     </span>
     <span class='ocr_line' id='line_1_26' title="bbox 149 2144 1170 2236; baseline -0.008 -19"><span class='ocrx_word' id='word_1_250' title='bbox 149 2172 257 2236; x_wconf 87' lang='lat' dir='ltr'>patrem</span> <span class='ocrx_word' id='word_1_251' title='bbox 269 2167 420 2219; x_wconf 77' lang='lat' dir='ltr'>vocamus,</span> <span class='ocrx_word' id='word_1_252' title='bbox 436 2148 484 2205; x_wconf 87' lang='lat' dir='ltr'>sed</span> <span class='ocrx_word' id='word_1_253' title='bbox 496 2167 554 2225; x_wconf 90' lang='lat' dir='ltr'>quo</span> <span class='ocrx_word' id='word_1_254' title='bbox 564 2145 596 2205; x_wconf 89' lang='lat' dir='ltr'>fit</span> <span class='ocrx_word' id='word_1_255' title='bbox 607 2148 652 2206; x_wconf 66' lang='grc' dir='ltr'><em>ὁι-ἐς</em></span> <span class='ocrx_word' id='word_1_256' title='bbox 663 2144 716 2206; x_wconf 62' lang='lat' dir='ltr'>tiae</span> <span class='ocrx_word' id='word_1_257' title='bbox 728 2160 755 2203; x_wconf 86' lang='lat' dir='ltr'>et</span> <span class='ocrx_word' id='word_1_258' title='bbox 765 2148 898 2222; x_wconf 59' lang='lat' dir='ltr'>pratanella,</span> <span class='ocrx_word' id='word_1_259' title='bbox 910 2150 1092 2231; x_wconf 87' lang='lat' dir='ltr'>eiusdemque</span> <span class='ocrx_word' id='word_1_260' title='bbox 1102 2148 1170 2213; x_wconf 80' lang='lat' dir='ltr'>cum</span> 
     </span>
     <span class='ocr_line' id='line_1_27' title="bbox 150 2226 1170 2317; baseline -0.004 -19"><span class='ocrx_word' id='word_1_261' title='bbox 150 2253 229 2317; x_wconf 86' lang='lat' dir='ltr'>patre</span> <span class='ocrx_word' id='word_1_262' title='bbox 240 2232 382 2301; x_wconf 74' lang='lat' dir='ltr'>essentiae,</span> <span class='ocrx_word' id='word_1_263' title='bbox 399 2227 555 2287; x_wconf 89' lang='lat' dir='ltr'>luculenter</span> <span class='ocrx_word' id='word_1_264' title='bbox 563 2242 638 2306; x_wconf 89' lang='lat' dir='ltr'>patet</span> <span class='ocrx_word' id='word_1_265' title='bbox 649 2248 685 2285; x_wconf 81' lang='lat' dir='ltr'>ex</span> <span class='ocrx_word' id='word_1_266' title='bbox 695 2226 786 2286; x_wconf 80' lang='lat' dir='ltr'>uerbis</span> <span class='ocrx_word' id='word_1_267' title='bbox 798 2229 978 2305; x_wconf 75' lang='lat' dir='ltr'>Iudaeorum,</span> <span class='ocrx_word' id='word_1_268' title='bbox 992 2227 1170 2309; x_wconf 84' lang='lat' dir='ltr'>optimorum</span> 
     </span>
     <span class='ocr_line' id='line_1_28' title="bbox 149 2311 1169 2388; baseline -0.004 -8"><span class='ocrx_word' id='word_1_269' title='bbox 149 2322 216 2380; x_wconf 74' lang='lat' dir='ltr'>fitne</span> <span class='ocrx_word' id='word_1_270' title='bbox 227 2312 357 2372; x_wconf 85' lang='lat' dir='ltr'>inhaere</span> <span class='ocrx_word' id='word_1_271' title='bbox 369 2314 567 2387; x_wconf 77' lang='lat' dir='ltr'>interpretum,</span> <span class='ocrx_word' id='word_1_272' title='bbox 591 2312 639 2388; x_wconf 88' lang='lat' dir='ltr'>qui</span> <span class='ocrx_word' id='word_1_273' title='bbox 655 2334 674 2367; x_wconf 80' lang='lat' dir='ltr'>c.</span> <span class='ocrx_word' id='word_1_274' title='bbox 688 2314 719 2374; x_wconf 59' lang='lat' dir='ltr'><em>I&lt;</em></span> <span class='ocrx_word' id='word_1_275' title='bbox 734 2322 775 2376; x_wconf 70' lang='lat'>18.</span> <span class='ocrx_word' id='word_1_276' title='bbox 794 2313 820 2365; x_wconf 90' lang='lat' dir='ltr'>ei</span> <span class='ocrx_word' id='word_1_277' title='bbox 831 2311 963 2375; x_wconf 85' lang='lat' dir='ltr'>dicuntur</span> <span class='ocrx_word' id='word_1_278' title='bbox 974 2314 1083 2373; x_wconf 72' lang='lat' dir='ltr'>initura-s</span> <span class='ocrx_word' id='word_1_279' title='bbox 1100 2318 1169 2376; x_wconf 84' lang='lat' dir='ltr'>stru·</span> 
     </span>
     <span class='ocr_line' id='line_1_29' title="bbox 147 2389 1169 2472; baseline 0.007 -21"><span class='ocrx_word' id='word_1_280' title='bbox 147 2399 231 2468; x_wconf 60' lang='lat' dir='ltr'>xiffe,</span> <span class='ocrx_word' id='word_1_281' title='bbox 252 2396 388 2472; x_wconf 90' lang='lat' dir='ltr'>quoniam</span> <span class='ocrx_word' id='word_1_282' title='bbox 399 2411 458 2448; x_wconf 90' lang='lat' dir='ltr'>non</span> <span class='ocrx_word' id='word_1_283' title='bbox 468 2391 558 2449; x_wconf 92' lang='lat' dir='ltr'>modo</span> <span class='ocrx_word' id='word_1_284' title='bbox 568 2390 672 2449; x_wconf 85' lang='lat' dir='ltr'>sabbati</span> <span class='ocrx_word' id='word_1_285' title='bbox 684 2389 851 2465; x_wconf 80' lang='lat' dir='ltr'>religionem</span> <span class='ocrx_word' id='word_1_286' title='bbox 860 2390 997 2466; x_wconf 66' lang='lat' dir='ltr'>loturae,</span> <span class='ocrx_word' id='word_1_287' title='bbox 1015 2416 1113 2456; x_wconf 86' lang='lat' dir='ltr'>verum</span> <span class='ocrx_word' id='word_1_288' title='bbox 1128 2415 1169 2458; x_wconf 84' lang='lat' dir='ltr'>et-</span> 
     </span>
     <span class='ocr_line' id='line_1_30' title="bbox 147 2471 1167 2555; baseline -0.004 -12"><span class='ocrx_word' id='word_1_289' title='bbox 147 2487 206 2542; x_wconf 85' lang='lat' dir='ltr'>iam</span> <span class='ocrx_word' id='word_1_290' title='bbox 217 2482 315 2535; x_wconf 89' lang='lat' dir='ltr'>Deum</span> <span class='ocrx_word' id='word_1_291' title='bbox 328 2486 436 2550; x_wconf 91' lang='lat' dir='ltr'>patrem</span> <span class='ocrx_word' id='word_1_292' title='bbox 446 2473 527 2531; x_wconf 82' lang='lat' dir='ltr'>lirum</span> <span class='ocrx_word' id='word_1_293' title='bbox 538 2471 659 2543; x_wconf 70' lang='lat' dir='ltr'>diridet,</span> <span class='ocrx_word' id='word_1_294' title='bbox 680 2485 751 2549; x_wconf 75' lang='lat' dir='ltr'>atque</span> <span class='ocrx_word' id='word_1_295' title='bbox 763 2479 799 2529; x_wconf 82' lang='lat' dir='ltr'>ita</span> <span class='ocrx_word' id='word_1_296' title='bbox 807 2476 836 2552; x_wconf 76' lang='lat' dir='ltr'>se</span> <span class='ocrx_word' id='word_1_297' title='bbox 846 2476 900 2532; x_wconf 84' lang='lat' dir='ltr'>Deo</span> <span class='ocrx_word' id='word_1_298' title='bbox 906 2497 993 2551; x_wconf 71' lang='lat' dir='ltr'>pareat</span> <span class='ocrx_word' id='word_1_299' title='bbox 1004 2482 1097 2555; x_wconf 66' lang='lat' dir='ltr'>tulrffit,</span> <span class='ocrx_word' id='word_1_300' title='bbox 1115 2483 1167 2539; x_wconf 66' lang='grc' dir='ltr'>ἴσον</span> 
     </span>
     <span class='ocr_line' id='line_1_31' title="bbox 146 2548 1166 2635; baseline -0.001 -14"><span class='ocrx_word' id='word_1_301' title='bbox 146 2561 231 2621; x_wconf 62' lang='lat' dir='ltr'>§acela</span> <span class='ocrx_word' id='word_1_302' title='bbox 246 2559 317 2612; x_wconf 69' lang='grc' dir='ltr'><em>ποιῶν</em></span> <span class='ocrx_word' id='word_1_303' title='bbox 332 2558 365 2625; x_wconf 73' lang='grc' dir='ltr'>τῷ</span> <span class='ocrx_word' id='word_1_304' title='bbox 379 2557 438 2623; x_wconf 76' lang='grc' dir='ltr'>Θεῷ.</span> <span class='ocrx_word' id='word_1_305' title='bbox 480 2554 547 2610; x_wconf 87' lang='lat' dir='ltr'>Inde</span> <span class='ocrx_word' id='word_1_306' title='bbox 559 2555 635 2611; x_wconf 90' lang='lat' dir='ltr'>enim</span> <span class='ocrx_word' id='word_1_307' title='bbox 647 2552 835 2629; x_wconf 70' lang='lat' dir='ltr'>planissimum</span> <span class='ocrx_word' id='word_1_308' title='bbox 850 2554 888 2611; x_wconf 86' lang='lat' dir='ltr'>cll</span> <span class='ocrx_word' id='word_1_309' title='bbox 894 2601 903 2629; x_wconf 76' lang='grc'>,</span> <span class='ocrx_word' id='word_1_310' title='bbox 924 2555 989 2615; x_wconf 91' lang='lat' dir='ltr'>illos</span> <span class='ocrx_word' id='word_1_311' title='bbox 1004 2548 1166 2635; x_wconf 68' lang='lat' dir='ltr'>appellatio</span> 
     </span>
     <span class='ocr_line' id='line_1_32' title="bbox 149 2634 1236 2713; baseline -0.006 -6"><span class='ocrx_word' id='word_1_312' title='bbox 149 2665 215 2707; x_wconf 83' lang='lat' dir='ltr'>aem</span> <span class='ocrx_word' id='word_1_313' title='bbox 231 2639 325 2713; x_wconf 66' lang='grc' dir='ltr'>πατςδς</span> <span class='ocrx_word' id='word_1_314' title='bbox 343 2635 399 2693; x_wconf 71' lang='lat' dir='ltr'>alto-a</span> <span class='ocrx_word' id='word_1_315' title='bbox 417 2655 475 2693; x_wconf 90' lang='lat' dir='ltr'>non</span> <span class='ocrx_word' id='word_1_316' title='bbox 487 2634 540 2692; x_wconf 90' lang='lat' dir='ltr'>alio</span> <span class='ocrx_word' id='word_1_317' title='bbox 554 2635 633 2692; x_wconf 76' lang='lat' dir='ltr'>sensu</span> <span class='ocrx_word' id='word_1_318' title='bbox 645 2634 796 2711; x_wconf 58' lang='lat' dir='ltr'>accepiffe5</span> <span class='ocrx_word' id='word_1_319' title='bbox 811 2654 894 2713; x_wconf 90' lang='lat' dir='ltr'>quam</span> <span class='ocrx_word' id='word_1_320' title='bbox 906 2650 936 2693; x_wconf 81' lang='lat' dir='ltr'>vt</span> <span class='ocrx_word' id='word_1_321' title='bbox 945 2658 1010 2695; x_wconf 89' lang='lat' dir='ltr'>eum</span> <span class='ocrx_word' id='word_1_322' title='bbox 1022 2641 1114 2699; x_wconf 87' lang='lat' dir='ltr'>dicere</span> <span class='ocrx_word' id='word_1_323' title='bbox 1125 2646 1168 2701; x_wconf 84' lang='lat' dir='ltr'>in-</span> <span class='ocrx_word' id='word_1_324' title='bbox 1234 2711 1236 2713; x_wconf 13' lang='lat' dir='ltr'>v</span> 
     </span>
     <span class='ocr_line' id='line_1_33' title="bbox 147 2716 1258 2801; baseline -0.003 -15"><span class='ocrx_word' id='word_1_325' title='bbox 147 2724 316 2791; x_wconf 76' lang='lat' dir='ltr'>tellexerint,</span> <span class='ocrx_word' id='word_1_326' title='bbox 330 2719 357 2777; x_wconf 84' lang='lat' dir='ltr'>se</span> <span class='ocrx_word' id='word_1_327' title='bbox 370 2717 424 2776; x_wconf 80' lang='lat' dir='ltr'>elie</span> <span class='ocrx_word' id='word_1_328' title='bbox 435 2716 565 2776; x_wconf 88' lang='lat' dir='ltr'>eiusdem</span> <span class='ocrx_word' id='word_1_329' title='bbox 577 2737 642 2774; x_wconf 87' lang='lat' dir='ltr'>cum</span> <span class='ocrx_word' id='word_1_330' title='bbox 653 2721 727 2789; x_wconf 59' lang='grc' dir='ltr'>ΠΕΟ,</span> <span class='ocrx_word' id='word_1_331' title='bbox 742 2735 827 2794; x_wconf 81' lang='lat' dir='ltr'>quem</span> <span class='ocrx_word' id='word_1_332' title='bbox 837 2731 944 2793; x_wconf 87' lang='lat' dir='ltr'>patrem</span> <span class='ocrx_word' id='word_1_333' title='bbox 954 2718 1036 2777; x_wconf 81' lang='lat' dir='ltr'>suum</span> <span class='ocrx_word' id='word_1_334' title='bbox 1048 2723 1166 2801; x_wconf 74' lang='lat' dir='ltr'>dixillet,</span> <span class='ocrx_word' id='word_1_335' title='bbox 1256 2718 1258 2726; x_wconf 51' lang='lat'><strong>¹</strong></span> 
     </span>
     <span class='ocr_line' id='line_1_34' title="bbox 146 2797 1165 2879; baseline -0.004 -10"><span class='ocrx_word' id='word_1_336' title='bbox 146 2823 272 2878; x_wconf 78' lang='lat' dir='ltr'>naturae,</span> <span class='ocrx_word' id='word_1_337' title='bbox 283 2802 466 2878; x_wconf 86' lang='lat' dir='ltr'>eiusdemque</span> <span class='ocrx_word' id='word_1_338' title='bbox 476 2798 624 2864; x_wconf 83' lang='lat' dir='ltr'>maiestatis</span> <span class='ocrx_word' id='word_1_339' title='bbox 638 2817 669 2855; x_wconf 90' lang='lat' dir='ltr'>ac</span> <span class='ocrx_word' id='word_1_340' title='bbox 682 2797 831 2872; x_wconf 71' lang='lat' dir='ltr'>dignitatis,</span> <span class='ocrx_word' id='word_1_341' title='bbox 864 2802 958 2875; x_wconf 76' lang='lat' dir='ltr'>Quam</span> <span class='ocrx_word' id='word_1_342' title='bbox 970 2797 1165 2879; x_wconf 81' lang='lat' dir='ltr'>blasphemum</span> 
     </span>
    </p>

    <p class='ocr_par' dir='ltr' id='par_1_3' title="bbox 1071 2885 1164 2947">
     <span class='ocr_line' id='line_1_35' title="bbox 1071 2885 1164 2947; baseline 0.032 -3"><span class='ocrx_word' id='word_1_343' title='bbox 1071 2885 1164 2947; x_wconf 82' lang='lat' dir='ltr'>dicere</span> 
     </span>
    </p>
   </div>
   <div class='ocr_carea' id='block_1_3' title="bbox 0 0 1268 3246">
    <p class='ocr_par' dir='ltr' id='par_1_4' title="bbox 0 0 1268 3246">
     <span class='ocr_line' id='line_1_36' title="bbox 0 0 1268 3246; baseline 0 3"><span class='ocrx_word' id='word_1_344' title='bbox 0 0 1268 3246; x_wconf 95' lang='lat' dir='ltr'> </span> 
     </span>
    </p>
   </div>
  </div>
 </body>
</html>
