2526 3246
441 179 456 211 x
486 167 670 213 nutarunt,
702 151 734 210 v,
839 166 847 201 <-
1072 154 1113 228 69

119 293 276 377 lus'aliquo
295 293 363 356 loco
383 291 454 354 dixit
472 290 673 373 pulcherrime.
711 281 961 370 Maritumitaq'ue
974 284 1114 349 accersere

119 380 201 443 iullrt.
310 402 311 405 ¹
922 382 925 386 '

198 541 239 601 At
252 539 311 615 illa,
321 539 411 599 Iesum
425 557 535 597 merum
547 537 696 597 hominem
709 536 880 610 existimans,
891 534 1113 614 turpitudinem

117 641 174 702 que
185 623 261 681 suam
273 620 442 681 diffrmulare
453 622 585 696 curnem,
600 617 648 676 sed
658 616 758 678 suffusa
772 631 865 676 tamen
883 619 1003 694 pudore:
1028 620 1107 677 dorni·

118 730 159 769 aa,
170 707 217 779 ait5
229 712 345 764 maritum
357 703 505 764 annualem
527 698 685 776 legitimum
694 712 799 778 ‘nempe
809 699 989 775 intelligebat.
1031 700 1104 759 lesus

117 780 239 859 uero‚‘et
250 786 328 843 suam
342 784 565 844 omniscientiam
576 781 727 857 declarans,
739 798 767 841 et
781 781 906 841 mulieris
918 785 1002 842 vitam
1014 785 1105 840 eomi-v

117 881 160 927 ter
172 885 303 942 arguens:
325 868 398 931 reae,
410 868 461 939 ait,
487 873 603 930 maritum
628 863 785 940 legitimum
805 888 853 925 non
872 867 956 935 duhest
987 867 1105 924 debrietur

117 954 221 1014 ararites
231 956 352 1028 quiuquet
374 951 422 1028 sed
435 972 504 1027 quern
524 973 587 1009 num
598 948 687 1011 *dabam
702 955 749 1006 nou
770 952 801 1023 est
819 952 923 1007 maritus
944 960 999 1006 tuan
1013 944 1105 1022 legin-2

115 1050 196 1098 mus3
217 1035 273 1090 daec
283 1036 405 1112 nerrffimu
417 1032 524 1106 (darbia
537 1029 679 1107 eleganter
689 1047 758 1106 pro:
780 1028 912 1104 uineae)
932 1030 1025 1106 diabli.
1073 1033 1105 1087 lu

115 1132 174 1191 quo
186 1112 314 1170 sermone
325 1116 448 1191 primum
460 1117 606 1173 euidenter
616 1125 705 1188 patet,
716 1113 875 1170 Dominum
886 1109 999 1169 edidisse
1011 1111 1106 1167 omni·

114 1195 244 1252 scientiae
259 1195 338 1269 suae,
353 1209 435 1274 atque
446 1198 517 1256 adeo
529 1196 696 1273 diuinitatis,
713 1194 918 1253 documentum
938 1191 1024 1266 longe
1039 1189 1104 1252 illu·

114 1276 282 1336 llrillinmm.
338 1281 449 1336 Etenim
461 1298 496 1338 ue
510 1275 694 1339 oecultillima
709 1274 967 1355 quidem'mulieris
987 1273 1058 1333 ladla
1073 1287 1103 1334 et

114 1356 217 1436 probra
239 1359 391 1418 domestica
404 1381 469 1418 eum
482 1357 617 1438 latebant,
639 1375 709 1435 quae
727 1378 762 1416 ex
773 1356 924 1417 hominum
945 1358 1104 1418 narratione

113 1442 181 1502 scire
202 1460 261 1497 non
277 1455 395 1517 poterat.
438 1447 537 1521 Neque
550 1440 621 1500 haee
635 1453 759 1511 tantum,
783 1458 854 1518 quae
869 1440 927 1498 hoc
938 1438 1006 1498 loeo
1017 1439 1101 1496 tradi-

112 1536 138 1582 ta
157 1525 333 1598 reperiuntur
344 1521 377 1581 ab
395 1517 580 1599 Euangelilla',
601 1520 648 1581 sed
668 1519 750 1600 plura·
765 1519 813 1601 ipsi
830 1520 939 1594 duride,
956 1519 991 1580 ab
1006 1519 1103 1598 honri-³

113 1607 156 1662 nis
178 1607 248 1661 meri
265 1605 375 1663 seientia
392 1604 551 1683 longissime
568 1619 695 1676 remota,
711 1601 856 1681 probabile
872 1605 953 1672 fitex
965 1598 1103 1661 versiculo

112 1702 194 1743 nono
212 1697 241 1742 et
259 1684 406 1757 vicesimo,
430 1685 478 1746 vbi
493 1679 595 1746 femina
616 1684 784 1744 conuocalle
798 1685 962 1763 perhibetur
977 1686 1054 1743 ciues
1069 1683 1105 1743 ad

111 1763 258 1839 visendum
278 1763 427 1823 hominem
447 1768 640 1824 admirandum
657 1763 690 1822 ‘'et
716 1766 892 1826 occultarunt
914 1785 1009 1824 rerum
1035 1782 1105 1823 con·v

111 1845 210 1917 scium,
232 1847 280 1922 qui
292 1844 340 1922 ipsi
356 1850 525 1904 enarrauerir
535 1845 756 1917 secretaomnia
770 1864 840 1924 quae
851 1845 963 1910 leeillet.
992 1842 1102 1922 Quodlr

111 1928 146 1985 τοὶ
160 1929 243 1983 edua
264 1945 322 1984 non
338 1945 482 2001 urgentus,
508 1927 554 1987 sed
575 1941 684 1987 tantum
702 1927 737 1986 de
758 1946 856 2001 magna
873 1944 950 2005 parte
966 1925 1099 2001 intelligi·

111 2029 186 2082 mus,
202 2010 338 2086 quoniam
353 2007 410 2068 hoc
422 2006 490 2068 loco
502 2009 540 2068 est
556 2013 647 2070 oratio
664 2007 821 2087 popularis3
852 2025 945 2069 temen
962 2010 1101 2070 indicatur

111 2090 199 2152 multa
211 2109 273 2169 pars
285 2104 313 2148 et
329 2092 419 2150 maior
428 2089 503 2151 haud
519 2091 619 2165 dubie,
635 2111 718 2169 quam
738 2110 809 2170 quae
824 2093 969 2169 segmento
986 2091 1101 2150 decimo

112 2172 217 2233 odlauo
232 2186 336 2230 narrata
355 2175 498 2252 reperitur.
540 2174 620 2232 Vnde
634 2176 663 2233 in
675 2187 790 2249 promtu
802 2176 854 2251 eli,
873 2177 950 2256 quud
967 2175 1110 2240 diutinus„

111 2256 222 2315 Deinde
237 2254 351 2333 quando
366 2258 489 2334 quinque
509 2259 624 2316 maritos
638 2254 761 2314 habuille
776 2257 891 2331 dicitur,
910 2268 1048 2336 quaerunt
1059 2257 1101 2312 in-

111 2351 259 2412 terpretes,
276 2356 345 2394 rrum
362 2334 477 2411 legitimi
488 2337 651 2410 fuerint‚an
667 2337 825 2412 illegitimi?
866 2345 990 2401 Fuerunt
1013 2337 1106 2411 enim,'

111 2422 159 2497 qui
176 2418 377 2490 existimarent,
404 2422 530 2497 quinque
546 2419 621 2479 illam
643 2422 719 2479 viros
737 2418 864 2482 habuisse
885 2424 918 2482 ad
943 2422 1103 2490 libidinum

110 2498 221 2557 nullum
238 2496 405 2571 legitimum,
428 2501 511 2580 idque
528 2517 621 2579 patere
633 2516 763 2578 putarent
781 2504 861 2577 inde,
877 2507 1015 2582 primum,
1026 2519 1098 2580 quo-

109 2584 185 2641 niam
207 2579 272 2639 alias
289 2579 359 2638 nihil
384 2582 529 2641 oecultum
552 2587 696 2643 Dominus
719 2585 745 2640 el
770 2584 925 2661 pateleeille
942 2586 1097 2657 videretur3

110 2662 211 2724 deinde
223 2666 358 2738 quonium
374 2666 469 2722 omnia
481 2664 528 2723 lira
545 2678 657 2741 peecata
671 2666 782 2734 occulta
798 2687 812 2726 a
833 2668 943 2729 Christo
960 2666 1008 2727 fibi
1026 2667 1099 2728 indi·

109 2759 168 2803 cata
182 2741 259 2802 luille
269 2741 404 2802 versiculo
413 2744 547 2805 vicesimo
565 2766 643 2805 nono
656 2748 863 2822 fignificauerit‚
886 2766 969 2829 atque
981 2754 1096 2810 interea

107 2825 164 2891 line
176 2825 263 2887 dubio
277 2829 466 2887 uumerauerit
478 2843 506 2888 et
517 2828 590 2899 hoc,
602 2830 681 2907 quod
692 2834 768 2894 viros
786 2835 924 2916 quinque,
935 2831 1097 2912 illegitimos

615 2915 639 2970 K
668 2935 681 2990 3
1014 2921 1100 2979 nimi«
