2526 3246
438 115 748 203 ἡὴ
1043 126 1077 194 u
1129 149 1130 152 κ

113 263 264 345 Vtriusque
281 258 343 326 mali
363 271 425 325 culn
442 259 599 338 aversione
609 258 668 317 Lat.
682 276 768 325 tulna
786 258 875 321 Libris
890 262 1073 344 Graecorum,

113 357 185 424 ¹tuelle
196 352 290 427 verbs,
304 348 540 423 Latinorumque,
557 343 622 417 orti,
636 351 759 420 exempla
770 347 927 411 afferemus
968 369 987 429 ss
1035 369 1068 420 j
1181 426 1182 429 Ἴ

175 445 266 517 Atque
282 437 347 494 illud
362 431 491 510 quidem,
505 451 561 509 per
571 428 728 505 'tetdonem
744 431 871 516 Latinam
881 434 1071 502 introdussum
1093 472 1097 475 ¹

99 526 144 587 ”ita
159 531 208 583 late
225 538 311 596 patet,
334 535 363 579 vt
376 537 493 595 maguae
506 516 587 575 rnolis
602 517 766 594 liber-super
778 518 828 577 hac
842 516 962 578 rescribi
980 525 1072 602 poffir‘,
1137 545 1139 548 ’

109 631 172 676 curn
186 607 216 664 sit
227 604 334 664 alterius
349 624 464 682 quoque
477 602 552 662 causa
566 602 719 680 praecipua.
763 608 828 663 Nos
848 604 932 683 igitur
950 599 1002 683 pio
1020 612 1071 670 hu.

109 696 151 752 ius
167 692 247 750 libelli
258 690 541 768 angustiisquaedam
558 691 978 767 tantum‘cotumemorabimus
1021 696 1071 756 Ni-

108 778 210 838 mirum
224 777 318 836 Versro
333 780 442 855 vulgata
455 778 540 835 multa
559 777 642 835 habet
660 777 694 837 ad
709 794 830 855 veterem
843 778 1005 857 elegantiam
1024 781 1072 841 lin-

110 880 181 942 guae
192 863 301 938 latinae,
316 882 387 922 certe
405 863 537 939 peculiari
553 863 686 932 modo-et
705 864 819 932 innoxie
837 866 975 943 rsurpata,
999 883 1072 945 quae

107 951 179 1010 adeo
199 950 279 1009 nimis
301 950 433 1028 elegantia
451 949 505 1010 visa
522 950 583 1008 sunt
600 950 796 1027 Hieronymo,
817 944 1076 1027 existimanti‘haud

95 1037 206 1111 dubie,
222 1037 330 1096 arebus
344 1035 443 1094 diuinis
457 1040 553 1113 procul
571 1034 660 1095 abesse
678 1037 778 1096 debere
793 1031 950 1114 profanam
967 1035 1067 1114 serino*
1088 1093 1089 1096 ,

106 1124 148 1196 nis
162 1122 330 1200 elegantiam,
352 1140 383 1182 vt
395 1113 531 1200 quaedam
544 1122 702 1200 corrigeret,
716 1141 744 1182 et
760 1144 787 1184 v.
802 1144 823 1182 c.
840 1127 907 1183 Luc.
920 1131 953 1190 rt,
971 1145 995 1189 2.
1014 1122 1067 1204 'pr'd

49 1254 52 1256 -
106 1209 252 1286 exquisitae
266 1208 400 1267 latinitatis
412 1211 500 1269 verbo
512 1209 683 1287 profrffom't,
707 1230 764 1285 quo
784 1211 817 1268 ab
829 1207 978 1285 interprete
997 1213 1067 1273 anti·-

104 1314 161 1387 puo
182 1299 342 1371 explicatum
364 1297 400 1353 est
415 1297 582 1355 vocabulum
601 1288 770 1375 α’παγραφδ,
795 1296 949 1355 rescriberet
976 1297 1063 1377 desiri-

16 1390 19 1393 ’
103 1393 176 1459 piro,
199 1387 229 1439 et'
242 1381 270 1438 id
284 1400 372 1457 genus
385 1380 447 1452 alia3
469 1382 561 1459 itaque
574 1402 590 1438 a
603 1380 767 1458 quibusdam
780 1382 818 1438 ob
831 1383 879 1440 has
894 1398 920 1440 et
931 1382 994 1442 alias
1007 1404 1066 1444 nru-

103 1467 318 1535 tationesdidus
333 1468 369 1525 est
384 1466 517 1543 Spiritum
538 1465 669 1526 Sandum
684 1465 827 1548 correxisse
841 1466 958 1543 impulsu
973 1470 1066 1530 diaboa

18 1618 21 1623 s
89 1552 127 1611 tli.
171 1552 223 1610 Sed
238 1554 319 1613 Verba
337 1549 378 1611 isla
392 1575 455 1612 cunr
467 1575 526 1612 non
537 1552 718 1629 intelligerent
731 1552 810 1611 multi
828 1570 910 1632 atque
929 1557 1065 1634 loquendi

35 1672 39 1675 ,
102 1638 327 1697 consuetudinem
342 1644 483 1717 vulgarem
496 1639 649 1717 erigerent:
672 1636 736 1711 lapsi
746 1636 810 1695 'sum
819 1637 847 1694 in
861 1659 974 1698 errores.
995 1641 1063 1702 rer:

23 1736 24 1739 ’
104 1720 191 1783 tinent
207 1726 261 1784 huc
284 1727 403 1784 irridendi·
421 1744 447 1784 et
473 1725 618 1782 traditionis
636 1723 786 1795 vocabula,
810 1744 896 1800 quae,
916 1744 946 1784 vt
963 1744 1063 1802 graeca¹

103 1805 274 1890 παραδιδόναι
294 1829 319 1866 et
336 1803 524 1889 reprimetur,
545 1808 625 1865 etiam
646 1808 721 1880 apud
739 1808 881 1883 scriptores
900 1813 1062 1886 elegantissrr

45 1928 49 1932 ·
101 1914 179 1964 ῐαοε,
194 1893 237 1950 rbi
253 1894 287 1950 de
299 1884 437 1969 dogmatis
453 1893 542 1949 sermo
555 1893 604 1954 est,
618 1891 721 1966 semper
738 1895 781 1951 vel
799 1892 833 1950 de
848 1893 985 1969 disciplina
1000 1898 1059 1958 viui

103 1984 147 2040 vel
159 1979 193 2037 de
204 1978 279 2037 libris
293 1978 397 2040 mortui
411 1978 550 2050 dicuutur,
566 1995 592 2035 et
604 1997 802 2054 quamcunque
818 1977 1015 2041 institutionem
1030 2005 1061 2044 ac

70 2071 71 2075 ’
102 2065 256 2125 dotti-inam
275 2063 434 2142 fignificant,
457 2065 506 2123 vbi
523 2084 590 2124 vero
603 2063 637 2121 de
649 2063 798 2139 praeteritis
813 2065 903 2131 rebus,
918 2067 945 2125 in
962 2069 1059 2143 primis

102 2150 238 2212 memoria
260 2151 460 2226 superioribus,
478 2153 567 2209 sermo
581 2150 633 2222 est,
655 2149 760 2224 semper
783 2149 817 2209 de
830 2151 1010 2213 monimentis
1027 2157 1059 2215 li-

101 2255 219 2298 terarum
232 2237 408 2314 usurpantur,
421 2257 567 2314 nunquam
582 2235 616 2294 de
628 2235 699 2294 fama
711 2254 737 2294 et
759 2236 884 2297 sermone
896 2239 1045 2301 hominum
1051 2261 1063 2315 ς

101 2345 159 2403 quo
172 2324 245 2383 sensu
257 2342 405 2385 occurrunt
417 2324 491 2400 apud
502 2322 646 2381 historicos
658 2342 684 2382 v.
703 2342 725 2379 c.
742 2324 859 2388 Liuium,
880 2326 954 2401 apud
974 2349 1073 2407 quem

100 2411 182 2469 etiam
188 2410 263 2484 fuam
275 2410 328 2488 ipsa
342 2410 377 2470 sic
392 2410 444 2491 dici
456 2409 531 2470 solet.
575 2409 682 2466 Eodem
694 2408 750 2466 sere
766 2408 841 2467 sensu
856 2413 1007 2489 Scriptores
1021 2416 1058 2476 sa-

23 2520 28 2524 ·“
64 2550 66 2553 ,
100 2498 137 2554 cri
150 2500 186 2555 N.
200 2500 235 2554 T.
247 2503 289 2557 vel
302 2498 335 2558 ad
349 2515 465 2557 veterem
478 2493 641 2574 elegantiam
656 2494 745 2572 graeci
752 2495 909 2572 sermonis,
926 2499 1003 2561 cuius
1021 2518 1057 2558 et·

78 2617 81 2620 >
98 2583 153 2641 iam
165 2582 279 2640 inlibris
294 2605 405 2656 eorum,
418 2583 446 2641 in
458 2583 555 2658 primis
574 2580 659 2655 Pauli,
672 2581 811 2658 Apostoli,
832 2584 964 2660 epistolia,
981 2599 1057 2662 repe-

63 2672 65 2674 ’
98 2670 205 2728 riuutur
218 2669 329 2747 vestigia
341 2690 399 2727 non
413 2664 512 2744 pauca,
525 2668 567 2728 vel
579 2669 614 2727 ad
629 2668 855 2729 consuetudinem
866 2668 983 2729 hebraici
996 2691 1058 2732 ver·

99 2752 131 2814 bi
153 2763 212 2834 3213,
235 2757 313 2832 quod
325 2757 455 2816 denotare
466 2754 604 2815 interdum
621 2756 718 2822 docet-r,
742 2755 1056 2835 ostendirGlrrffirrrPlril.

100 2841 129 2897 S.
146 2844 174 2899 L.
188 2843 237 2898 HI.
255 2845 300 2903 Tr.
313 2845 364 2903 III.
378 2865 431 2902 rar.
445 2860 484 2918 15.
497 2843 535 2904 vsi
555 2843 615 2900 sunt
628 2842 718 2900 verbis
737 2834 910 2925 παραδιδόναι
929 2861 954 2901 et
973 2857 1061 2928 παραέ

86 2919 199 2998 δόσεως
217 2943 246 2989 vt
260 2930 391 2992 nimirum
406 2951 470 2996 curn
483 2932 518 2992 de
535 2928 687 3006 disciplina,
704 2949 773 3009 quae
791 2928 822 2990 fit
841 2932 887 2991 vel
899 2929 964 2993 viua
981 2943 1062 3005 voce,v

563 3017 588 3076 C
917 3035 1064 3081 =vt
