2526 3246
461 138 637 234 narratur
655 165 714 231 ’Νι
769 198 791 231 ;Υ
1039 172 1077 249 5'5

102 316 152 380 srb'i
166 315 331 392 sumerent,
355 308 520 393 baptismate
543 310 748 391 impertiendo,
784 323 921 392 quantum
933 311 996 372 :aix
1011 306 1087 374 feret

98 400 165 461 bant
180 404 208 461 in
226 406 333 469 Ioanne
341 397 471 475 Baptista,
493 398 538 454 cui
550 393 616 458 alias
627 394 958 472 tribuebantplurimutn.
977 443 979 446 >
1004 399 1087 457 Nam.

97 479 393 548 Dominuasverlreulo
406 483 501 557 primo
515 476 661 553 baptizasse
677 480 792 546 dicitur3
815 484 896 557 atque
909 477 944 538 lrc
960 477 1015 537 diei
1027 499 1083 557 po-

98 570 154 627 tuit
166 565 268 644 triplici
279 566 402 633 ratione,
421 559 493 632 suae,
515 560 652 637 quoniam
664 557 719 633 illi,
741 558 869 638 aquibus
883 563 1081 628 renunciatum

99 662 164 709 ernt-
172 649 207 715 de
222 648 275 707 hac
291 644 325 703 re'
336 640 512 702 Iudaeorum
522 638 713 718 principibus,
739 642 850 702 mentiti
866 657 958 717 erant,
986 652 1080 724 atque,

100 743 130 791 vt
142 727 187 790 rei.
200 728 343 788 inuidiam
355 736 503 800 augerent,
525 721 621 783 lesum.
634 722 722 801 ipsum
733 723 899 805 baptismate
915 728 1025 786 initiare
1040 728 1090 786 ili-t
1107 748 1108 751 ¹

101 826 213 879 xe÷rant3
235 828 306 888 quae
318 805 371 866 luit
382 806 523 865 sententia
533 825 779 886 cn>nrsosrou1
795 817 820 868 in
838 813 875 868 Io.
887 815 963 870 Hom.
975 812 1079 871 XXXI.

100 913 185 977 quare
199 891 291 951 sensus
311 886 570 950 versiculi-secundi
589 887 730 966 esset-uhic:
752 892 1001 969 quanquamlesus
1021 911 1082 952 non

98 976 156 1055 ipse
172 973 342 1052 baptizaban
367 986 462 1031 tamen
478 969 616 1048 perlatum
635 984 693 1030 erat
712 973 746 1031 atl
762 975 918 1051 principeS,
941 971 1083 1049 baptizare

100 1078 168 1119 eum
180 1072 208 1116 et
217 1056 305 1135 ipsum
313 1079 320 1128 3
342 1053 561 1134 fiueaquoniam,
585 1054 663 1133 quod
683 1052 871 1132 discipuli'uel
886 1053 1016 1130 iubente,
1038 1054 1085 1114 vel

101 1155 177 1202 certe
187 1140 291 1199 sciente
302 1137 431 1212 magistro
441 1134 563 1211 faciunt,
574 1135 702 1212 magister
713 1138 769 1214 ipse
781 1135 874 1196 senisse
886 1138 1003 1207 dicitur3
1025 1135 1090 1197 siue.

102 1224 224 1301 denique
239 1224 304 1300 quia
328 1218 375 1278 ille
396 1219 451 1296 ipse
470 1217 635 1295 baptismus,
663 1237 722 1296 quo
739 1218 889 1280 vte'bantur
904 1219 1046 1298 discipuli,
1069 1238 1084 1279 a

16 1316 21 1324 ²
103 1304 215 1366 Chrillo
227 1303 368 1362 inslitutus
384 1316 457 1377 erat,
479 1304 596 1379 eiusque
617 1304 735 1361 nomine
756 1310 839 1381 atque
853 1300 1020 1365 ausloritate
1036 1302 1090 1377 ad-

103 1385 321 1459 ministrabatur,
349 1384 428 1462 quod
446 1403 504 1442 rem
522 1397 550 1441 et
568 1385 704 1442 inuidiam
722 1384 858 1462 augebatr.
877 1379 991 1445 maioris
1007 1389 1093 1444 enim

103 1470 243 1529 momenti
255 1466 476 1540 erat,inslituere
489 1463 770 1545 baptismum-quam
782 1467 986 1544 adrninislrare3
1010 1467 1093 1527 vnde.

105 1571 185 1611 mens
204 1551 314 1610 loannis
332 1546 468 1621 versiculo
485 1547 609 1606 secundo
626 1548 692 1607 esset
707 1548 791 1609 haec:
817 1547 940 1609 sciebant
960 1551 1096 1628 quidem,

107 1654 167 1695 non
184 1632 273 1692 lesum
286 1631 390 1707 ipsum,
411 1629 464 1687 sed
480 1629 631 1706 discipulos
649 1637 709 1708 eius
725 1629 880 1710 baptizare,
906 1630 976 1690 illud
992 1645 1094 1691 tamen*

105 1721 135 1776 in
152 1717 249 1790 primia
263 1710 499 1787 aegreserebant,
526 1714 663 1789 quoniam
684 1714 713 1769 in
729 1712 938 1772 suum‘nomen
954 1712 1099 1791 baptisma.

94 1795 268 1857 instituisset.
319 1792 464 1869 Qriequid
485 1790 529 1863 fit,
561 1809 625 1848 nam
644 1806 834 1871 unaquaeque.
848 1797 983 1860 sententia
1002 1795 1091 1861 habet
1152 1833 1155 1837 .

107 1874 333 1958 probabilitatem
350 1872 503 1950 quandam
522 1871 659 1931 id'tarnen
672 1874 701 1930 in
717 1889 833 1951 promtu
846 1875 900 1950 esi,
923 1872 1091 1935 Iesum'non

109 1959 201 2039 ipsum
217 1953 371 2033 baptizasse.
420 1954 511 2014 Cuius
527 1953 642 2032 quidem
659 1957 699 2012 rei
714 1959 879 2034 interpretes
891 1960 979 2018 varias
995 1958 1091 2018 causas

108 2043 319 2115 excogitarunt,
342 2054 651 2114 quaseommemorare
665 2056 724 2096 non
741 2038 778 2098 esl
790 2039 909 2102 necesse„
945 2043 1092 2101 Dominus

108 2126 209 2201 igitur,
232 2139 317 2201 quem
336 2116 545 2178 nihilomnino
562 2115 701 2193 fugiebat,
724 2128 753 2179 vt
771 2124 923 2198 cognouit,
951 2120 999 2182 fibi
1018 2143 1099 2203 quo.

110 2226 166 2287 que
180 2201 339 2280 contigisse,
361 2201 439 2278 quod
456 2202 529 2258 inter
544 2202 675 2259 homines
687 2201 901 2279 soleteuenire,
927 2219 957 2263 vt
972 2204 1094 2282 gloriam

110 2289 266 2349 'comitetur
279 2283 401 2355 inuidia,
424 2302 483 2343 non
494 2283 571 2362 quotl
587 2284 711 2357 timeret,
733 2285 780 2346 sed
799 2302 826 2345 vt
843 2288 970 2347 inuidiae
981 2287 1094 2347 causam

111 2368 330 2450 praescinderet,
352 2364 464 2445 reliquit
477 2366 630 2440 iudaeam,
642 2363 720 2427 insila
732 2366 772 2427 ibi
790 2369 935 2431 tloslrinae
947 2368 1096 2447 [euangeli-

113 2471 161 2513 cae
177 2450 358 2521 rudimentis,
381 2461 409 2506 et
429 2452 458 2507 in
474 2447 628 2515 Galilaeam
644 2453 747 2510 reuerti
770 2457 892 2529 parauit,
917 2454 990 2512 vnde
1008 2473 1093 2511 vene·

114 2547 163 2595 rat.
207 2534 341 2591 Ceterum
353 2530 454 2590 vocula
471 2532 546 2587 nala
555 2529 736 2604 glossatorem
747 2535 875 2596 redolere
891 2535 946 2596 visa
963 2535 1001 2594 eli
1018 2556 1095 2609 uia-

115 2636 188 2690 aio,
209 2612 285 2672 haud
299 2613 384 2671 dubie
395 2611 457 2671 ¹fine
473 2613 550 2672 causa
562 2612 638 2673 lulla.

195 2702 280 2773 Igitur
293 2701 408 2775 qnoniam
424 2697 625 2778 proficiscendum
640 2698 688 2776 ipſs
704 2713 758 2758 erus
774 2703 824 2779 per
842 2701 998 2762 Sama-mm
1029 2707 1096 2763 nenia

115 2784 150 2842 acl
160 2782 252 2842 orbern,
275 2800 336 2856 qnae
351 2778 416 2836 dalla
429 2782 460 2855 est
474 2780 582 2857 Spaleia,
604 2785 630 2837 ln
650 2786 764 2842 uiciniam
776 2786 886 2861 praedii,
907 2785 975 2861 quous
992 2787 1096 2847 Iacobus

115 2868 213 2948 Ioseplro
226 2865 284 2946 filio
302 2862 447 2928 dorraaerut,
461 2863 591 2943 fontisque
606 2864 702 2932 larabi,
722 2869 758 2926 ud
769 2888 851 2947 parent,
864 2867 940 2947 saffira
952 2887 984 2927 ex
1000 2874 1094 2932 itiitere,

583 2945 612 3003 n
636 2967 651 3022 3
1056 2954 1095 3034 pr
