2526 3246
1040 71 1096 144 ιιι-ἱ
1147 30 1151 39 i

105 232 178 310 densa
192 234 231 295 Rs
234 235 426 298 ιιιιιιιιΜιιιιι
387 250 459 312 arlia,
483 236 571 294 etalii.
615 229 688 290 naa-a
675 223 891 292 maetatecum
911 230 938 289 in
957 229 1081 310 Hispania
1121 282 1126 290 .

105 322 176 380 inter
189 326 288 384 Arabes
299 323 493 404 philosophiae
499 338 527 377 et
540 317 733 389 matheseos,'
728 330 846 395 nemque
858 320 1009 379 medicinae
1023 319 1080 377 stu·

105 410 148 467 dia
162 412 304 483 florerent,
333 412 472 480 ell'entque
494 405 582 481 plures
601 423 635 459 ex
653 404 706 459 istis
727 402 868 478 gutturibus
880 407 940 463 clari
954 404 1080 464 scientiae

104 498 288 572 magnitudine
304 509 333 550 et
344 492 498 563 subtilitate,
517 491 663 547 donorum
678 491 790 547 nomine
808 490 866 546 sunt
878 494 1001 549 celebrati
1014 511 1078 551 cum

104 601 210 640 eorum
211 579 333 640 Scholiss
356 578 432 636 sed''
416 598 433 635 n
446 594 504 634 uon
516 573 677 634 elementa
661 587 763 634 tirones
780 575 930 651 docebant,
958 578 1001 633 sed
1023 580 1074 649 ho-

104 669 212 724 minum
224 684 253 720 er
256 663 414 722 uditot'um
407 683 456 720 ιιιιι
471 664 583 739 magistri
597 681 706 721 erant.
707 667 838 753 ltaque
830 682 890 720 cum
905 682 938 720 ex
949 664 1076 721 omuibus

102 753 166 809 sere
175 753 331 826 regionibus
346 771 381 807 eo
397 750 494 807 veuiffe
505 751 632 808 homines
652 749 769 807 discendi
784 737 854 807 causa
869 751 1005 817 dicuntur,
1023 750 1075 807 viti

103 837 160 894 fere
172 838 337 915 intelligendi
354 838 422 908 sunt,
443 855 490 912 qut
483 837 607 913 longius
618 837 748 912 progredi
760 838 863 894 scientia
876 837 983 895 alicuius
995 854 1075 913 gene-

104 922 142 980 ris
155 942 298 999 cuperent:
321 925 424 999 qualem
438 923 533 980 scimus
547 924 702 1002 Garsauria,
724 923 797 979 illum
811 924 927 982 Ottonis
940 925 986 981 ΙΙΙ.
999 935 1076 1000 prae-

104 1026 263 1083 ceptorem,
282 1011 373 1077 suill'e,
387 1007 434 1085 qui
446 1029 508 1077 cum
522 1010 573 1066 iam
590 1009 679 1066 rlbbas
691 1009 828 1067 Bobiensts
845 1010 921 1081 esset,
942 1011 969 1065 in
980 1009 1076 1085 Hispa·

103 1096 178 1153 niam
195 1098 336 1172 professus
354 1097 404 1167 est,
432 1095 465 1152 ad
485 1095 613 1152 dodores
631 1094 780 1152 matheseos
799 1112 826 1152 et
836 1091 1021 1172 philosophiae
1033 1113 1076 1152 au-

107 1176 235 1240 diendos*
286 1183 469 1256 Similiterque
488 1182 554 1238 alios
572 1182 694 1258 pluribus
710 1181 813 1243 Seculis
835 1183 984 1258 reperimus
995 1225 1003 1252 ‚
1030 1181 1092 1255 qui'

106 1285 168 1325 cum
183 1270 339 1327 taiuneribus
350 1267 466 1343 publicis
475 1268 666 1343 fungerentur,
690 1266 748 1324 talia
765 1269 858 1324 itinera
870 1268 975 1331 eodem¹
991 1267 1081 1324 conse
1112 1261 1114 1265 ’

105 1352 301 1429 liosulcepeae.
346 1357 406 1409 Nec
413 1353 477 1409 alius
490 1354 600 1427 generis
613 1353 832 1409 fueredo'dl‘ores
848 1354 915 1410 Iuris
926 1372 1079 1427 eorumque

106 1438 229 1515 discipuli
242 1440 269 1496 iu
285 1440 373 1497 Italiae
385 1439 505 1509 Scholia,
526 1437 693 1495 Bononiensi
704 1456 732 1496 et
748 1430 817 1511 aliis,
843 1454 871 1497 et
887 1439 999 1496 S‘cholae
1016 1437 1080 1496 iuris
1098 1455 1101 1465 ’

105 1525 259 1594 institutae,
284 1545 342 1583 non
353 1526 387 1582 ed
401 1527 599 1583 elementorum
611 1525 667 1582 illa-e
679 1525 851 1597 tenuitatem,
873 1524 923 1582 sed'
937 1525 969 1582 ad
989 1525 1081 1602 perfe-

107 1611 227 1669 dionem
239 1612 365 1669 scientiae
378 1628 555 1687 comparatae.
582 1615 654 1669 Nam
666 1612 701 1667 ad
712 1631 758 1669 eas·
767 1612 960 1670 Scltolas'iuisse
972 1612 1082 1669 traduna

106 1715 166 1771 tur,
188 1699 235 1773 qui
247 1698 298 1755 iam
311 1700 340 1755 in
356 1698 419 1756 aulis
431 1699 629 1774 imperatorum
644 1709 674 1755 et'
684 1699 841 1774 Principum¹
857 1714 968 1757 munera
986 1702 1084 1774 magna
1098 1714 1103 1730 ²

59 1777 61 1779 ⁵
106 1800 241 1848 tenerent.
306 1786 369 1840 Nec
387 1784 433 1841 alia
454 1782 590 1839 ratiofait
609 1784 765 1840 Scholarum
789 1783 1035 1860 philosophicarum
1053 1799 1083 1841 et
1126 1832 1132 1839 .

99 1868 341 1943 theologicarum,
361 1885 391 1924 vt
403 1866 537 1936 adhelardi,
554 1868 660 1925 Sentiet
674 1868 808 1925 similium:
833 1868 953 1946 seroque
968 1869 1080 1926 demum

107 1954 253 2012 haeeratio
265 1952 391 2024 inualuit,
412 1970 442 2010 vt
453 1953 487 2023 in
504 1952 599 2010 scholis
620 1953 733 2028 publicis
750 1954 880 2012 elementa
897 1954 1082 2013 doetrinarum

108 2041 294 2099 traderentur:
322 2058 473 2115 quanquam
493 2039 558 2095 olim
574 2057 609 2095 ne
627 2039 656 2095 in
678 2039 728 2096 illis
747 2041 857 2115 quidem
880 2042 1082 2117 acquieuerunt,

111 2126 318 2197 nec-dodores,
340 2144 396 2183 necv
405 2125 523 2201 discipuli
532 2136 540 2188 ι
558 2124 602 2182 sed
616 2127 677 2201 post
689 2125 730 2182 illa
742 2127 874 2185 uberioris
891 2143 919 2184 et
936 2127 1082 2186 subtilioris

112 2213 254 2270 dodrinae
265 2212 373 2287 copiam
383 2212 419 2269 illi
431 2212 529 2281 secere,
541 2210 569 2267 hi
582 2212 745 2289 expetiuere.
788 2216 849 2270 Nec
861 2232 927 2270 vero
940 2214 968 2271 in
983 2212 1083 2273 scholis

111 2300 227 2377 publicis
240 2298 327 2356 modo
340 2298 417 2356 fuere
428 2297 570 2370 donares,
592 2292 725 2356 sedetiam
741 2298 797 2357 aliis
816 2299 993 2377 pluribusque
1015 2301 1085 2359 locis

113 2388 203 2443 exorti
215 2386 289 2458 sunt,
307 2387 354 2461 qui
366 2385 456 2443 studio
471 2384 594 2441 scientiae
610 2385 746 2443 suaecum
760 2386 817 2442 aliis
834 2385 1085 2458 communicandae,

94 2464 97 2467 i
109 2490 141 2529 et
152 2492 186 2530 eo
205 2472 262 2548 ipso
281 2473 397 2550 augendi
413 2471 471 2529 suae
487 2470 611 2530 scientiae
623 2471 807 2544 subtilitatem,
826 2472 882 2531 eius
895 2475 1002 2549 copiam
1015 2473 1084 2531 face·

113 2576 174 2615 rent
185 2560 355 2616 volentibus:
383 2560 412 2616 ιιι
429 2577 518 2632 eoque
532 2557 563 2614 se
571 2557 663 2615 facere
680 2559 823 2657 putabant,
845 2576 901 2636 quo
915 2563 983 2618 bene
997 2577 1086 2617 mere-

113 2662 209 2703 rentur
222 2645 256 2701 de
272 2644 385 2701 Ecclefia
398 2662 426 2701 et
444 2643 595 2722 republica,
617 2660 646 2702 et
664 2644 783 2704 nominis
797 2645 895 2706 samam
910 2648 961 2704 lare
980 2645 1087 2725 sparge-

113 2750 191 2803 rent,
211 2732 244 2787 ad
256 2732 435 2808 posterosque
446 2743 634 2808 propagarent

176 2820 274 2876 Cum
288 2817 389 2875 deinde
400 2818 534 2894 paullatim
548 2835 657 2875 exortae
670 2816 771 2875 essent'
764 2838 791 2874 tu
808 2817 968 2892 quibusdam
978 2818 1089 2879 Ciuita-

113 2903 186 2965 tibus
204 2905 351 2965 maioribus
369 2922 397 2965 et
413 2904 555 2965 illustribus
571 2923 620 2983 per
637 2904 841 2965 multitudinem
852 2905 946 2967 talium
962 2907 990 2965 iu
1007 2907 1088 2964 omiti

415 3051 419 3079 ι
662 2992 684 3049 Β
985 3012 1087 3071 galtere
