2526 3246
121 660 330 762 esaum
367 660 458 739 XL,
500 683 580 744 7-9.
625 641 690 725 ur
718 659 861 729 nsua.
886 663 935 743 x,
962 668 1035 752 5,

317 827 874 854 *m

121 1161 124 1167 ¹
206 1111 256 1152 um
275 1090 369 1151 denuo
389 1084 518 1147 illuxerit
533 1086 633 1162 nobis,
655 1084 748 1148 crues
769 1105 894 1148 oratur
914 1101 998 1170 atque
1020 1094 1075 1150 cai

224 1192 367 1246 arssrut,
391 1170 453 1230 dies
471 1166 574 1247 sellus,
603 1170 670 1229 inde
684 1168 719 1229 ab
736 1172 845 1244 origine
869 1190 962 1230 tetum
976 1175 1082 1232 omns

225 1276 275 1316 um
302 1252 498 1313 illustrissimus
521 1266 550 1310 et
572 1251 754 1327 laetissimus,
784 1254 831 1311 cui
850 1255 1001 1313 natiuitatis
1029 1259 1076 1313 lc-

94 1344 146 1417 su,
166 1341 287 1401 Domini
299 1356 330 1396 ac
344 1336 503 1395 Seruatoris
515 1335 620 1408 nostri,
641 1335 823 1408 memoriam,
845 1338 991 1413 praecipua
1009 1334 1085 1395 teli*

94 1428 180 1502 gione
193 1417 399 1491 celebrandam,
423 1416 569 1491 affignauit
579 1415 723 1474 christiana
741 1417 904 1493 antiquitas;
925 1415 997 1475 nihil
1015 1435 1077 1478 ma·

94 1510 136 1583 gis
161 1505 278 1583 dignum
289 1500 377 1559 videri
393 1496 480 1557 debet
494 1495 589 1572 nobis,
612 1499 661 1575 qui
672 1493 800 1572 discipuli
811 1498 871 1555 eius
883 1511 915 1555 ac
924 1494 1085 1559 sediatores'

96 1588 152 1648 dici
162 1584 313 1663 haberique
327 1578 480 1652 volumm,
502 1598 587 1659 quam
595 1590 691 1636 mente
702 1578 931 1658 cogitationeque
944 1577 1079 1657 anapledli

94 1674 274 1730 Sauratorem
300 1663 443 1735 nostrum,
473 1673 504 1719 ut
524 1663 627 1738 partim
651 1658 823 1718 maiestatem
842 1661 902 1719 eius
924 1660 1085 1736 amabilem

95 1751 262 1822 sentiamus,
298 1747 400 1823 partim
424 1742 654 1815 beneficiorum,
678 1737 713 1798 ab
735 1758 771 1799 eo
791 1743 1023 1818 impetratorum,
1051 1757 1081 1804 et

96 1830 307 1894 multitudinem
318 1840 346 1884 et
358 1826 486 1881 diuinam
498 1822 693 1879 excellentiam
706 1841 738 1878 ac
754 1824 978 1896 magnitudinem
996 1825 1081 1886 sensu

97 1914 233 1975 ace-trimo
245 1909 430 1986 percipiamus
442 1948 451 1976 ,
465 1901 567 1980 'eoque
574 1899 653 1958 sensu
664 1899 759 1974 fidem,
769 1906 994 1978 venerationem,
1016 1898 1082 1983 pie]

96 2008 202 2068 tatem,
222 1990 354 2049 laetitiam
370 1999 399 2043 et
410 1984 488 2062 spem
503 1981 560 2041 fiue
570 1984 742 2053 excitemus,
763 1978 819 2041 siue
836 1980 941 2043 alamus
957 2000 986 2044 et
1005 2005 1079 2048 con·

96 2079 251 2140 firmemus,
292 2073 332 2127 Ea
343 2069 432 2146 priori
447 2083 551 2141 genere
569 2059 746 2122 hauddubie
763 2066 859 2140 ptimo
878 2063 944 2125 loco
965 2086 1083 2145 ponen⁴

100 2158 181 2220 dacii
193 2155 341 2230 cogitatio,
360 2167 419 2229 quo
432 2149 529 2206 animo
540 2146 683 2204 Dominus
694 2142 788 2203 noller
804 2158 898 2206 totum
913 2167 986 2226 opus
1003 2152 1034 2208 in
1050 2149 1080 2212 se

99 2240 261 2317 susceperit,
284 2248 313 2293 et
333 2244 468 2312 quantam
492 2230 552 2288 vim
577 2223 829 2304 audimitatemque
854 2227 984 2289 habuerit
1003 2233 1081 2310 apud

99 2326 194 2382 Deum
201 2325 309 2379 Patrem
320 2314 420 2392 ipsum.
463 2308 614 2370 Eiusmodi
627 2305 747 2367 salubres
759 2312 945 2385 cogitationes
958 2318 1082 2390 ptaciuit

99 2404 244 2465 Dominus
260 2397 317 2476 ipse
337 2401 368 2455 in
384 2393 453 2454 loco
470 2391 569 2452 Psalmi
592 2390 671 2468 supra
692 2387 798 2467 pofit03
825 2395 926 2473 inquo
943 2414 1009 2454 cram
1027 2396 1082 2457 fini

101 2482 237 2566 quaedam
256 2476 443 2550 subobscura,
461 2494 522 2535 non
538 2476 568 2531 in
585 2471 667 2557 rebus
689 2472 820 2549 quidem,
839 2492 922 2553 quam
933 2480 1029 2553 potius
1048 2481 1080 2555 in

101 2566 208 2638 verbis,
225 2580 295 2641 quae
306 2559 445 2638 impedire
460 2575 555 2615 veram
566 2558 627 2613 eius
639 2550 850 2630 intelligentiam
863 2558 977 2635 possint:
995 2558 1080 2637 supet
1100 2614 1104 2621 .

103 2661 139 2709 uo
150 2645 286 2725 quaedam
299 2645 335 2700 ita
346 2639 487 2717 disputare
500 2638 696 2697 constituimus
704 2680 712 2709 ,
721 2650 751 2695 ut
762 2656 797 2695 co
809 2641 997 2716 comparando
1010 2660 1080 2716 curra

100 2731 168 2792 loco
179 2723 255 2786 Pauli
265 2721 374 2782 sensum
385 2721 546 2799 perspicue,
562 2732 603 2793 et,
615 2715 804 2794 spoliemus,
820 2720 853 2778 ad
868 2721 988 2778 Vestram
1003 2722 1081 2783 utili:

101 2827 188 2873 tatem
204 2803 421 2868 accommodate
434 2801 631 2877 definiremus²
642 2797 738 2862 saltem
750 2799 966 2864 luculentiorem
976 2822 1009 2865 ac
1021 2825 1083 2867 cet·

102 2899 205 2958 tiotem
218 2888 405 2953 redderemus.

158 2974 161 2980 .
403 2999 406 3003 “
618 2961 646 3025 A
667 2984 686 3026 ¹0
988 2970 1082 3037 Cuirrs
