2526 3246
477 121 537 205 m
582 127 633 199 e
672 122 734 207 tre
901 197 902 200 Ν
1041 147 1115 206 u

102 252 191 311 rursus
212 253 349 328 agitasse
368 254 447 326 fida.
458 274 542 327 thue
554 256 631 317 adeo
644 257 677 311 de
687 253 780 314 eadem
794 273 824 314 re
836 252 890 314 'rer
910 253 1065 326 etamplius
1083 271 1118 314 ex

102 333 222 406 instituto
235 353 393 408 exponatur.
435 340 522 392 Porro
535 333 700 404 poenitentia
719 334 857 394 interdum
873 335 954 394 latius
969 335 1117 410 accipitur,

103 415 137 479 de
149 415 253 474 duabus
266 417 318 474 illis
334 416 475 489 partibus,
490 414 558 483 qua's
576 411 710 482 diximus,
728 413 866 491 interdum
890 436 957 476 vero
978 417 1119 492 angustius

103 496 137 553 de
155 516 206 556 vua
224 497 472 563 tantttm;.irr1quo
488 489 613 562 proseilo
627 492 666 552 ,est
686 490 785 548 vitium
803 514 860 550 nou
876 496 955 568 leue,'
965 500 1043 571 quod
1056 519 1117 557 non

104 577 221 635 excusari
232 577 318 648 potest
337 573 493 641 Scripturae
505 575 598 627 Sacrae
609 569 815 642 cousuetudine,
833 575 909 629 cuius
923 577 973 633 alia
987 581 1022 636 est
1038 580 1118 652 ratio,

103 675 133 716 vt
144 657 273 716 vidimus.
315 652 367 709 Sed
384 649 448 708 esset
466 650 494 708 id
506 650 716 719 incommodum
727 649 837 709 fortasse
849 652 1001 726 ferendum,
1015 660 1062 716 nifi
1076 680 1117 717 ac.

102 739 227 795 cederem
245 732 295 791 alia
314 731 437 806 mama
458 730 648 807 isslss'lmiSjeX
669 732 772 806 tropica
784 731 987 811 -figuifieatione
1006 734 1116 807 illorum

103 814 261 875 verborum.

181 975 288 1056 Etenim
299 976 328 1034 itt
349 974 460 1050 legibus
478 992 505 1034 et
520 975 669 1048 praeceptis
686 976 775 1034 bonae
797 974 937 1050 iustaeque
962 977 1119 1050 discipliuae

103 1055 174 1115 rede
189 1057 300 1128 ponitur
311 1060 392 1122 etiam
409 1057 480 1130 hoc,
497 1075 527 1116 vt
542 1058 721 1115 abstineamus
733 1057 826 1117 verbis
847 1058 958 1130 tropicis
977 1078 1003 1116 et
1022 1060 1120 1133 figura-

104 1138 137 1194 tis
148 1158 161 1205 ;⁴
175 1158 238 1195 nutu
256 1138 375 1197 doslriua
388 1155 509 1194 accurata
523 1138 612 1196 lucem
628 1137 721 1211 figuris
733 1153 761 1197 et
776 1138 947 1196 adumbratis
972 1138 1119 1198 simulacris

105 1219 186 1293 dare,
202 1218 333 1278 subtiliter
347 1217 517 1290 explicandis
529 1237 620 1276 rerum
632 1219 804 1290 notionibus,
827 1239 885 1277 nou
903 1220 950 1276 ¹ab>
962 1218 1024 1290 ipsis
1045 1239 1119 1293 repc-

105 1315 159 1356 tere
175 1300 262 1358 debet.
302 1303 396 1371 Atque
408 1298 441 1354 ad
460 1299 541 1356 ltttius
557 1299 690 1370 praecepti
705 1318 847 1373 normam,
871 1300 900 1356 in
915 1316 1048 1371 promptu
1068 1302 1118 1374 est,

103 1379 148 1436 vel
160 1380 280 1438 maxime
295 1379 412 1452 dirigere
424 1377 544 1442 debuisse
561 1398 672 1450 operam
687 1379 762 1436 suam
774 1380 901 1452 eos,-qui
917 1382 1047 1452 dogmata
1070 1382 1119 1439 do-

17 1509 18 1512 ,
80 1462 82 1466 ’
105 1458 203 1516 sicinae
215 1460 368 1517 cltrilliauae
386 1458 523 1529 explicare
541 1477 699 1515 conarentur
716 1459 899 1530 peculiaribus
916 1459 1008 1531 libris,
1027 1478 1072 1517 aut
1086 1461 1119 1520 de
1179 1517 1182 1523 ,

104 1539 202 1596 iisdem
220 1539 306 1597 dicere
324 1540 356 1596 ad
377 1538 460 1610 alios,
483 1538 531 1595 vbi
546 1537 656 1595 facilitas
672 1538 844 1612 intelligendi
855 1539 1049 1611 erfimplicitas
1060 1560 1119 1599 ver-

104 1620 206 1677 borum
222 1620 329 1691 prorsus
341 1617 483 1677 necessarie
495 1639 520 1676 et
535 1618 621 1690 prima
631 1618 714 1676 uirtus
727 1619 763 1674 est
779 1638 805 1675 er
824 1618 875 1676 esse
892 1620 988 1690 debet,
997 1638 1118 1694 propter·

106 1719 156 1775 ea,
175 1701 305 1773 quoniam
324 1700 433 1772 populo
449 1701 540 1757 nostro
553 1718 578 1757 et
598 1699 781 1755 omuinonon
798 1698 949 1757 exercitatis
965 1702 999 1757 ad
1016 1721 1119 1775 cogno·
1137 1756 1139 1758 ,

99 1771 201 1839 'secuda
215 1802 260 1851 ea,
274 1801 344 1853 quae
356 1801 414 1837 uon
427 1780 568 1837 incurrunt
583 1779 611 1835 iu
627 1778 813 1852 setist13‚nihil
832 1798 888 1837 tam
911 1780 1031 1853 difficile,
1051 1783 1119 1840 nibil

106 1881 161 1918 tam
175 1861 309 1930 lubricum
325 1863 360 1917 esi
376 1878 402 1917 et
419 1861 502 1916 fallare
513 1862 545 1915 ad
558 1859 779 1936 intelligendum,
798 1878 882 1930 atram
897 1878 1041 1930 troporum
1052 1861 1120 1919 ima*

106 1942 191 2015 gines„
232 1945 352 2009 Verum,
371 1940 391 1995 st
418 1959 477 1996 rem
502 1939 552 2004 rite*
566 1939 752 2010 aestimemus,
768 1937 839 1994 nibil
858 1939 947 2011 magis
959 1941 1118 2012 ttegleslum

106 2023 143 2080 ell
159 2021 317 2094 hucusquep
338 2038 424 2090 quum
443 2018 511 2075 illud
528 2018 617 2094 ipsum
635 2036 808 2089 praeceptum
825 2037 881 2074 tam
899 2017 1072 2077 necessatium
1094 2039 1120 2079 et

106 2102 218 2161 salubre.
260 2101 339 2159 Vnde
352 2099 397 2177 fit,
414 2117 444 2158 vt
455 2099 547 2171 ptimo
566 2094 819 2171 praeclarumillu'd
838 2117 909 2171 opus
924 2099 1039 2171 Spiritus
1058 2105 1121 2160 Sau-

106 2184 143 2243 ui
158 2182 285 2241 nonsatis
300 2181 439 2254 perspicue
453 2199 479 2238 et
491 2198 609 2238 accurate
622 2179 786 2253 intelligatur
801 2199 859 2236 ttou
873 2181 961 2237 modo
979 2182 1120 2255 apopuIO,

107 2265 297 2334 verumetiam
314 2262 502 2320 adosloribu's
517 2260 585 2333 ipfis.
627 2261 722 2334 Magni
737 2259 804 2317 olim
819 2258 941 2317 nominis
955 2261 1121 2337 Theologus

107 2348 302 2404 illrurrirrurr'oueur
318 2344 353 2401 itu
366 2341 527 2413 explicuerit,
540 2361 568 2399 vt
578 2360 639 2398 eem
652 2343 749 2398 diceret
761 2338 814 2398 else
825 2347 853 2398 c'u‘
865 2344 1001 2419 expetiiſsem
1015 2346 1120 2403 rrrrestru-

109 2450 165 2487 ratu
171 2427 338 2505 spirirrruliuur
351 2437 373 2482 rs
389 2426 520 2501 ucrmfiuur
531 2426 588 2480 lucit
599 2428 624 2479 iu
640 2434 712 2479 riarum
722 2425 833 2479 sottu'uit.
878 2423 967 2498 Quod
991 2422 1010 2479 sr
1025 2424 1120 2483 accidit

111 2508 274 2580 Theologo,
286 2524 316 2567 vt
329 2525 387 2563 nou
397 2504 560 2577 intelligeret
570 2503 639 2575 ipse,
652 2503 727 2576 pctod
751 2501 812 2560 aliis
834 2501 1002 2574 interpretati
1022 2505 1117 2574 vellet3

110 2588 179 2660 quid
195 2590 307 2645 demum
326 2587 452 2643 futurum
470 2584 548 2643 elliu
564 2584 646 2641 aliis?
668 2586 743 2640 Nam
756 2582 840 2640 etiam
852 2582 926 2640 burra
942 2583 1049 2656 iugenio
1062 2606 1120 2642 uon

111 2666 454 2726 smelurttmismolestiiset
464 2664 672 2735 difficultatibus,
685 2664 744 2734 poll
756 2665 860 2721 multos
875 2665 987 2721 demum
1002 2665 1120 2738 laborer,

37 2771 38 2774 ¹
114 2767 141 2809 er
153 2768 186 2808 tte
195 2766 253 2808 rum
267 2748 380 2822 quidem
389 2744 450 2804 saris
462 2744 533 2804 cede
542 2743 697 2817 intelligunt
707 2763 787 2817 caput
799 2744 878 2816 illud,
886 2762 933 2816 per
944 2744 1027 2804 verba
1039 2747 1122 2821 tropi*

1072 2840 1123 2885 vCll
